1818 3289
450 194 478 234 61

124 363 245 423 praesentia
258 362 308 406 freti
325 362 396 405 facere
409 359 509 403 nondum
524 363 636 416 poterant,
656 359 716 417 qnod
734 364 809 417 postea

125 465 225 516 demum,
248 479 316 521 quum
330 462 368 505 isse
384 460 485 513 abiisset,
507 464 529 504 et
548 461 672 505 Paracletus
695 462 740 506 eius
759 462 808 505 Ioco

123 569 227 620 venisset,
242 569 312 611 facere
326 566 454 609 didicerunt.
485 565 564 621 Itaque
578 580 652 609 revera
666 566 809 609 metuendum

124 675 182 722 erat,
195 685 224 713 ne
245 668 337 712 vinculis
361 667 445 710 onerati
460 670 483 709 et
498 681 548 708 cum
560 682 606 709 rasa
622 666 722 718 abducti,
736 681 750 708 a
765 665 808 709 fide

123 770 277 819 desciscerent,
293 767 352 823 qnod
363 768 397 810 nti
409 768 472 811 nobis
486 768 624 825 perspicuam
636 773 680 820 est,
695 769 726 811 sic
736 769 806 811 multo

122 869 189 923 magis
215 882 306 910 ronarrr
329 868 483 923 Euangelistae
504 873 554 912 ante
578 869 652 912 cerrlos
671 869 749 920 fuisse,
772 883 806 912 res

121 969 168 1025 ipsa
184 969 288 1025 loquitur.
319 971 457 1026 Quapropter
474 969 535 1012 nulia
553 984 618 1013 causa
634 974 677 1021 est,
693 977 807 1021 cur,cnn'1

121 1085 261 1115 scuwaraaao
280 1072 313 1126 1),
335 1071 393 1113 hunc
417 1070 502 1121 locum,
519 1073 631 1126 tamquam
655 1084 749 1113 renarra
772 1070 805 1112 in-

121 1171 223 1227 dignum,
239 1171 323 1215 alienae
337 1171 412 1214 manui
427 1171 555 1214 tribuamus.

142 1394 155 1439 ἲ)
167 1396 188 1428 L.
205 1407 219 1429 c.
237 1405 253 1438 p.
272 1399 302 1428 63:
320 1396 381 1429 Nehen
399 1395 426 1427 die
443 1393 482 1427 ‘acht
497 1394 644 1433 Johaun'a'uschen,
660 1394 759 1435 geist-vollen
775 1391 806 1426 {fac

119 1457 217 1502 πληρωθῇ,
230 1469 244 1490 z.
257 1458 278 1490 B.
290 1456 343 1490 XIII.
358 1460 384 1489 18.
397 1456 467 1491 XVIII.
475 1460 506 1496 32,
519 1456 667 1498 garelianum
675 1456 710 1489 sich
716 1457 805 1489 xmae

118 1518 143 1550 als
156 1519 193 1551 ciue
205 1519 322 1552 Combinatiou
334 1519 430 1560 niedrigern
446 1517 515 1551 Gustes.
539 1517 565 1551 Cf.
577 1529 593 1560 p.
608 1521 649 1551 174:
661 1517 704 1552 Hier
716 1518 758 1560 folgt
769 1529 805 1551 nun

118 1579 145 1612 die
157 1580 283 1614 warscheifflich
295 1580 438 1623 uujohann‘a'ische
448 1580 581 1622 paschasia,
592 1591 609 1614 r.
622 1583 639 1612 9.
776 1585 779 1587 '
