1818 3289
441 243 470 284 43

113 422 132 449 v.
150 409 188 448 37:
204 406 256 448 ’naa
271 422 303 454 τις
330 407 393 461 διψᾷ,
418 405 508 460 ἐρχέσθω
527 407 575 460 πρὸς
597 408 635 460 ἐμὲ
656 408 691 450 aa}
714 409 799 461 πινέτω,

113 509 127 549 i.
142 523 159 550 e.
175 508 240 550 missa
255 508 380 563 Ailegoria:
402 509 427 549 St
445 509 491 563 qais
507 509 621 550 eacetstortc
641 511 704 551 aaran
722 511 815 552 cteside-v

113 610 152 650 rta'c
169 609 299 663 satisfactam
321 610 382 660 aettt,
395 609 439 665 fide
458 622 489 649 me
512 609 644 662 amplectatur
660 611 693 665 ¹),
713 614 731 651 et
747 612 801 652 attae

114 713 206 751 aeternae
225 711 264 765 fiet
279 710 390 763 particeps.
421 709 469 751 Nos
489 723 540 751 saue
562 709 580 752 si
598 725 660 752 insum
679 711 710 753 ita
728 710 800 754 dicen-

113 816 157 854 tem
172 809 309 860 audiremus,
323 813 420 852 mentem
436 810 482 853 eius
498 810 562 866 piane
578 810 699 865 iuteltigere
717 811 800 867 potuis-

113 927 196 963 semus,
212 912 296 954 etiamsi
311 912 420 973 nihildum
437 913 463 956 de
481 913 586 956 effusione
605 913 712 956 donorum
732 914 800 970 Spiri-

113 1017 148 1056 tus
158 1013 234 1056 Divini
243 1014 267 1056 in
278 1014 333 1070 festo
341 1015 480 1058 Pentecostes
489 1019 567 1057 notum
576 1014 639 1057 nobis
650 1019 712 1058 esset.
731 1015 800 1065 Quid,

114 1114 173 1170 quod
195 1104 271 1156 siffla
289 1130 402 1170 nunquam
424 1114 541 1165 evenisset,
563 1114 628 1157 uerba
648 1130 693 1157 ruso
714 1130 801 1158 omnem

114 1233 175 1260 suam
189 1219 233 1260 vim
245 1218 378 1261 retinerent?
397 1218 458 1268 Nec,
475 1232 495 1259 v.
509 1219 549 1269 38,
565 1217 642 1260 verba:
658 1219 683 1259 Ὁ
696 1217 799 1260 πιστεύων

114 1323 154 1361 cet.
173 1333 198 1361 eo
219 1319 295 1361 referri
319 1333 394 1374 posse,
416 1319 547 1361 arctissimus
570 1319 633 1361 docet
657 1334 736 1371 nexus,
758 1335 800 1375 quo

113 1418 148 1461 hic
167 1433 240 1461 versus
257 1433 307 1460 cum
329 1418 466 1474 praecedenti
489 1419 617 1461 coniunctus
644 1423 687 1471 est,
708 1424 735 1462 ut
756 1420 800 1461 iam
862 1442 866 1448 ·

116 1519 187 1561 elucet
201 1534 212 1561 e
227 1534 291 1575 supra
307 1519 429 1574 disputatis.
461 1519 504 1561 Res
518 1519 565 1574 ipsa
581 1520 690 1574 loquitur,
707 1520 800 1576 Spiritus

114 1619 189 1661 Sancti
212 1619 320 1662 actionem
338 1619 394 1661 clare
408 1619 516 1674 pleneque
531 1620 618 1662 demum
634 1620 720 1676 prodire
736 1625 799 1677 potu-

112 1721 155 1763 isse
178 1724 228 1776 post
248 1735 293 1762 IESU
314 1720 398 1762 abitum
417 1720 458 1761 hac
480 1713 577 1762 ex'nita.
610 1721 721 1763 Quamdiu
740 1722 805 1764 enim-

113 1838 163 1865 cum
184 1821 293 1877 discipuiis
313 1820 450 1871 versabatur,
470 1820 562 1862 humilia
580 1821 733 1876 terrestriaque
755 1822 798 1877 spi-

112 1922 200 1974 rabant,
217 1926 238 1965 et
257 1921 359 1976 Magistri
376 1920 498 1977 praesentia
515 1920 566 1963 freti
584 1935 609 1962 ac
627 1921 697 1963 securi
711 1922 798 1965 cobibe-

110 2024 203 2075 bantur,
219 2021 335 2080 quominus
346 2023 388 2079 ipsi
401 2022 443 2065 sibi
456 2025 579 2065 constantes
592 2023 665 2065 animo
679 2023 707 2065 ad
719 2024 797 2067 altiora

110 2125 231 2168 tenderent.
266 2125 320 2167 ideo
343 2139 398 2166 rusus
418 2123 452 2166 aa
467 2122 617 2177 Πωριέκλητω,
634 2126 649 2167 i.
670 2141 687 2168 e.
704 2102 804 2169 alterum

110 2225 242 2277 adiutorem,
258 2225 286 2268 ad
303 2225 353 2267 iilos
370 2228 486 2275 uenturum
499 2226 596 2280 negavit,
612 2226 655 2268 nisi
673 2227 719 2283 ipse
736 2229 795 2284 prius

110 2324 198 2369 abiisset
221 2328 248 2383 2).
286 2326 329 2370 Sed
352 2326 403 2369 hinc
419 2326 527 2382 ‘colligere
550 2342 596 2370 non
620 2327 683 2379 licet,
708 2344 795 2372 omnem

111 2427 203 2483 Spiritus
219 2428 295 2471 Divini
314 2428 422 2471 actionem
440 2428 612 2484 restringendam
632 2444 677 2472 esse
696 2429 724 2471 ad
740 2434 795 2474 tem-

108 2579 294 2587 -—--—-—.-.

131 2673 144 2716 ¹)
156 2674 182 2708 ef.
194 2674 220 2708 CI.
232 2684 327 2709 scuouruu.
340 2675 369 2709 De
378 2674 420 2710 Lacr
429 2675 460 2712 ,dar
471 2674 522 2709 Hera.
535 2673 586 2709 Karta.
598 2676 630 2709 Ed.
642 2680 657 2710 2.
671 2678 691 2711 Τ.
699 2679 723 2711 Π.
736 2689 752 2721 Ρ,
766 2682 793 2713 24,

130 2733 144 2780 ²}
156 2736 182 2770 cf.
195 2737 245 2772 XVI.
260 2740 274 2771 7.
