1818 3289
454 234 466 274 7

147 399 168 438 4.
198 397 249 453 Ipsa
271 397 340 441 oratio
365 402 466 442 contexta
492 413 531 441 nos
556 396 659 455 impedit,
685 395 800 452 quominus

117 512 179 540 rasuu
194 502 271 556 eorpus
283 515 348 543 suurn
356 499 452 544 indicare
465 487 559 542 votuisse
572 503 699 542 statuamus.
715 497 801 549 Merca-

116 602 166 642 tura
186 615 199 642 a
221 615 267 643 1usu
293 604 352 643 extra
374 600 489 657 Templum
513 598 620 655 relegata,
641 596 757 653 stupefacti
779 600 801 639 et

89 689 91 694 ’
116 700 224 757 indignati
239 715 290 743 eum
303 700 385 745 adeunt
400 701 478 744 Iudaei
493 704 624 758 rogantque:
640 699 696 744 Quis
711 697 801 741 tandem

116 801 150 844 us
175 801 217 844 eu
241 801 307 854 aua,
330 806 356 845 ur
370 775 414 845 'aa
434 803 519 860 Tempu
543 802 656 853 dominum
675 805 698 844 a
722 800 799 856 geras?

116 900 279 944 Documentum
291 903 393 956 ostende,
405 918 448 960 quo
461 904 551 960 probes,
564 903 612 946 iure
623 907 645 946 te
659 903 715 945 hane
725 905 799 945 aucto-

115 1003 202 1046 ritatem
220 1004 261 1047 tihi
282 1020 373 1049 sumere.
403 1006 452 1048 Iam
472 1007 533 1049 nulia
550 1011 582 1049 est
600 1005 723 1062 responsio:
739 1003 800 1058 Ego,

117 1120 130 1147 a
146 1105 206 1149 vohis
224 1107 290 1149 morti
305 1107 409 1159 traditus,
427 1108 452 1150 in
466 1108 534 1150 vitam
549 1107 624 1150 redibo
630 1124 637 1159 ,-
652 1107 697 1149 imo
711 1119 800 1162 respon-

115 1205 147 1248 sio
169 1207 297 1263 requiritur,
322 1223 365 1264 qua
381 1208 459 1265 probet
469 1223 509 1273 se,
530 1211 557 1250 ut
580 1207 633 1249 aiibi
652 1209 670 1263 1)
693 1205 799 1262 legimus,

119 1307 199 1361 Templo
209 1307 305 1351 maiorem
316 1321 363 1350 erre.
380 1309 450 1364 Atqui
460 1323 485 1351 eo
494 1308 597 1352 inservire
607 1308 674 1351 etiam
682 1309 802 1364 potuerunt
812 1293 814 1296 .

115 1406 190 1449 verba:
211 1407 293 1450 λύσαιτε
314 1408 349 1450 τὸν
372 1408 419 1450 rubr
442 1411 513 1451 τοῦτον
539 1414 579 1452 oet.
607 1409 625 1451 si
651 1409 787 1465 accipiuntur
792 1439 800 1459 ‚

115 1511 141 1549 ut
161 1522 225 1563 supra
246 1508 328 1551 monui.
359 1509 532 1561 Documentum,
551 1509 636 1565 inquit,
654 1509 746 1564 rogatis,
763 1507 800 1550 da-

115 1608 174 1651 bitur
180 1625 186 1661 ;
208 1609 292 1652 etiamsi
314 1624 352 1652 vos
374 1609 463 1653 diruatis
486 1610 613 1667 Tempium‚
631 1610 686 1652 mihi
703 1580 799 1666 potestas

116 1713 148 1752 est
167 1709 223 1752 iilud
244 1725 317 1753 rursus
344 1710 509 1754 exaedificandi:
533 1710 570 1766 qui
596 1711 672 1767 templi
697 1701 800 1754 'conditor

117 1827 162 1856 esse
176 1816 262 1869 potest,
283 1813 304 1856 ei
320 1813 417 1869 profecto
436 1813 488 1855 lieet
502 1812 579 1868 tempii
595 1812 761 1855 reformatorem
776 1826 801 1855 se

116 1887 195 1969 vgerere.
227 1912 332 1956 Similiter
350 1914 413 1955 Mtte.
431 1912 486 1955 XII.
503 1915 516 1955 8
537 1928 594 1957 rasos
612 1912 716 1956 Sahbathi
731 1913 800 1956 domi-

116 2028 170 2056 num
190 2028 213 2056 se
233 2012 292 2056 dicit.
327 2013 483 2070 Nequidquam
509 2013 584 2057 obiicit
606 2019 745 2056 rudoruuuus
768 2014 801 2069 2),

116 2114 247 2159 desiderium
272 2114 357 2168 σημείου
383 2114 464 2172 expleri
490 2114 587 2171 potuisse
610 2113 683 2157 reditu
704 2128 750 2156 ruso
775 2112 800 2155 in

115 2217 193 2269 vitam,
218 2216 256 2261 sed
284 2231 340 2261 nova
369 2216 474 2272 religione
492 2198 617 2266 condenda,
636 2229 660 2257 re
683 2228 743 2258 mere
765 2214 800 2257 in-

116 2317 239 2372 relligioni,
261 2333 306 2361 non
329 2318 389 2360 item.
426 2316 490 2358 Mtte.
519 2314 575 2357 ΧΠ.
602 2315 631 2356 38
659 2329 705 2370 sqq.
734 2313 800 2356 etiam

117 2423 224 2472 quaerunt
239 2418 318 2462 Iudaei
336 2423 432 2470 σημεῖον,
453 2420 475 2459 et
487 2416 520 2459 ibi
545 2415 622 2459 eodem
638 2414 704 2458 modo
722 2430 735 2457 a
753 2430 800 2458 ruso

140 2608 154 2654 1)
166 2608 191 2643 Cf.
210 2608 259 2642 Mar.
277 2610 319 2643 XII.
339 2613 354 2643 6.
372 2611 394 2644 In
410 2613 466 2642 nostru
481 2619 530 2641 causa
545 2609 580 2641 fere
595 2609 665 2652 perinde
677 2613 701 2643 est
713 2610 800 2653 legatumo

116 2674 194 2716 μείζων,
206 2682 228 2705 an
240 2681 279 2705 vero
291 2674 360 2716 μεῖζον.
383 2671 409 2705 cf.
420 2681 445 2705 ue
456 2680 526 2711 wnrrn,
538 2671 560 2704 ad
571 2671 588 2704 h.
598 2672 610 2704 Ι.

125 2732 154 2778 ’2)
165 2734 187 2767 L.
199 2745 213 2767 o.
225 2745 240 2778 p.
254 2736 281 2767 51.
305 2733 331 2768 Cf.
343 2736 411 2774 ndens,
423 2734 471 2768 adh.
483 2734 495 2767 1.
505 2744 521 2777 p.
531 2736 569 2766 494.
