1818 3289
436 245 463 284 25

109 424 180 459 nosis,
204 409 241 464 qui
256 408 340 466 proauis
357 421 435 464 panem
453 406 568 450 eoelestern
588 403 688 448 dedisset.
714 403 793 458 Itaque

108 525 177 560 risus,
199 510 236 566 qui
256 511 340 566 vulgari
360 510 408 553 cibo
429 524 464 552 eos
481 508 613 559 satiaverat,
632 520 687 549 nosn
703 504 794 548 inferior

107 611 231 663 videbatur,
247 616 269 656 et
277 612 311 663 id,
325 611 383 667 quod
398 609 467 666 pridie
481 609 573 660 fecerat,
586 608 694 651 nonsatis
708 606 793 649 illustre

108 726 132 755 ee
154 727 218 768 grave
240 712 350 755 hebebant
377 710 491 766 legationis
513 710 606 752 Divinae
631 709 792 752 documentum.

106 812 224 868 Propterea
243 812 323 855 iterum
340 816 418 868 rogent
440 825 530 867 panem,
551 810 589 854 sed
604 825 682 866 panem
702 810 793 853 coelitus

106 914 193 964 datum,
209 911 270 967 ἄρτον
289 915 312 956 ἐκ
327 917 362 956 τοῦ
380 915 464 967 οὐρανοῦ
483 915 508 969 ι).
540 912 582 955 Cui
595 911 674 968 puerili
691 911 793 968 petitioni

106 1028 161 1056 rusus
177 1014 298 1057 orationem
312 1015 408 1070 suggerit
421 1014 530 1056 masculae
546 1013 683 1069 eloquentiae
694 1012 793 1068 plenam,

106 1130 148 1170 qna
162 1115 271 1159 auditores
287 1131 300 1158 a
314 1129 387 1158 rerum
402 1113 581 1170 adspectahilium
598 1112 729 1169 cogitatione
746 1127 793 1154 snr-

105 1230 154 1258 snm
173 1216 254 1272 erigere
271 1220 368 1259 conatur.
399 1215 473 1272 Atque
486 1215 543 1257 hanc
557 1214 709 1257 transitionem
721 1216 793 1270 quarti

104 1318 219 1373 Euangelii
232 1318 320 1374 ingenio
337 1318 421 1374 egregie
435 1317 560 1368 convenire,
571 1316 660 1372 dignum
675 1320 718 1368 est,
735 1315 794 1372 quod

105 1419 289 1462 animadvertetur
303 1421 330 1475 2).

135 1522 155 1561 3.
188 1521 240 1562 Sine
261 1534 325 1562 causa
343 1533 488 1562 senwnrznnus
504 1519 570 1562 etiarn
582 1520 641 1561 hune
655 1520 728 1562 locum
742 1533 792 1576 pro-

103 1621 178 1676 pterea
193 1624 317 1677 suspectum
331 1619 426 1671 iudicet,
447 1619 506 1676 quod
526 1635 545 1662 v.
561 1621 602 1685 dl,
622 1622 663 1672 52,
678 1620 792 1676 loquentes

103 1721 237 1763 inducuntur
251 1722 343 1764 Ἰουδαῖοι
356 1723 386 1776 ³),
403 1736 442 1776 pro
463 1720 541 1776 quibus
557 1720 656 1763 falsarius
672 1721 792 1776 neglexerit
851 1779 854 1783 .

126 1880 139 1924 ¹)
152 1881 202 1921 Quod
211 1890 275 1914 onorio
286 1881 340 1914 iudice
350 1881 433 1914 auditores
442 1890 483 1914 insu
492 1882 591 1921 voluerunt,
603 1891 671 1921 noenu,
684 1888 701 1916 et
710 1892 740 1925 per
752 1893 792 1927 qua·

102 1942 179 1983 draginta.
190 1942 258 1985 quidem
271 1951 324 1974 annos
336 1942 433 1982 continuos,
449 1942 506 1985 plures
517 1953 569 1986 quein
580 1944 673 1977 sexcenties
685 1944 732 1977 mille
744 1945 791 1978 satie·

101 2005 154 2044 visse,
166 2005 184 2037 in
196 2005 250 2038 verbis
263 2014 321 2037 eorum
332 2014 367 2037 non
379 2004 439 2045 hebet,
452 2015 485 2048 quo
497 2006 580 2047 probetur.

125 2063 138 2110 ²)
150 2066 176 2101 Cf.
192 2068 225 2101 IV.
241 2071 267 2099 10.
279 2065 313 2099 IX.
329 2070 344 2100 5.
360 2066 394 2099 XI.
412 2070 439 2100 25.
457 2068 499 2101 VII.
517 2070 544 2100 37.
569 2070 619 2113 Quod
636 2069 692 2103 locum
706 2074 790 2114 postremo

101 2129 171 2162 alienun
187 2129 255 2169 attinet,
271 2130 350 2163 solemnis
361 2129 420 2162 libatio
436 2130 508 2162 oredoni
521 2139 561 2163 nisu
576 2141 634 2164 ensem
644 2132 707 2165 dedisse
719 2132 790 2166 videtur.

100 2192 146 2225 Vide
157 2192 259 2235 interpretes
271 2192 319 2224 adh.
331 2193 343 2225 l.
358 2197 375 2224 et
383 2192 403 2227 of.
411 2202 452 2225 un.
464 2190 527 2225 Realw.
536 2193 560 2225 H.
568 2196 577 2225 8
586 2192 735 2237 [Mobitttenfhstj.
751 2195 790 2230 Hac

101 2255 210 2287 annotatione
222 2254 272 2287 simul
283 2264 382 2297 responsum
394 2259 418 2286 est
430 2255 452 2287 ad
464 2265 492 2293 ea,
506 2265 549 2298 quae
561 2264 685 2289 scnwnrznnus
697 2257 717 2288 de
729 2267 753 2289 vs.
767 2259 788 2289 26

100 2316 172 2357 disputat
186 2316 198 2349 l.
215 2327 228 2348 e.
244 2328 261 2359 p.
278 2319 305 2348 84.
329 2316 380 2349 Recte
395 2316 442 2349 hune
458 2326 526 2349 uersum
540 2317 621 2359 explicari
632 2322 672 2359 puto
690 2327 789 2352 arverne:

99 2377 150 2409 Nioht
159 2379 197 2410 weil
207 2378 234 2411 ihr
245 2379 272 2411 ein
282 2379 354 2411 Zeiohen
364 2379 394 2418 [im
403 2379 451 2410 sinne
462 2389 495 2411 von
505 2379 529 2411 H.
541 2382 571 2419 11,
582 2379 618 2411 also
628 2380 656 2412 ein
665 2379 789 2422 Enveekungs·

99 2438 153 2470 mittel
165 2438 194 2470 des
204 2439 296 2483 Glonbens)
308 2440 390 2481 genuen,
401 2439 474 2472 sondern
485 2441 525 2473 weil
535 2441 562 2473 ihr
574 2441 622 2473 darin
633 2452 666 2473 nur
678 2441 715 2474 eine
724 2441 788 2475 Befrie·

99 2500 145 2540 dung
157 2509 205 2532 eurer
217 2501 311 2534 sinnliohen
327 2489 432 2535 Selbstsuoht
445 2502 535 2543 gefunden.
559 2502 586 2535 De
597 2503 678 2535 vocabulo
691 2509 757 2547 σημεῖα
769 2505 788 2538 in

98 2562 172 2600 Plurali,
190 2563 235 2604 qnod
252 2572 302 2604 aegre
320 2563 352 2596 fert
369 2572 493 2597 sonwnrznuus
506 2564 524 2607 (1.
537 2574 551 2596 e.
563 2575 579 2606 p.
594 2563 642 2607 116),
659 2564 680 2597 ei.
691 2574 716 2598 nn
726 2575 788 2599 enirn

98 2623 109 2656 l.
122 2634 135 2656 e.
148 2635 164 2666 p.
179 2627 217 2656 110.

122 2682 135 2728 ⁵)
148 2685 173 2719 Of.
186 2694 293 2719 Bnnnnussnu
305 2695 375 2719 rnoosr.
388 2684 416 2719 De
428 2684 525 2732 Discipulo,
542 2697 586 2729 quem
598 2686 614 2720 in
628 2693 685 2730 errario
698 2686 787 2732 Euanqeto

98 2744 173 2779 <literne
184 2745 231 2780 Iesus
243 2744 312 2786 dicitur,
325 2758 340 2789 p.
352 2749 379 2779 66.
