1860 3237
455 178 485 218 84

390 343 392 347 ’
442 341 504 383 ΧΙΧ.

161 441 195 483 Ex
215 441 305 498 Templo
322 441 523 498 Hierosolymitano
541 447 671 486 mercatores
688 444 756 487 semel
770 449 818 488 tan-

132 548 180 585 turn
195 558 208 586 a
222 558 267 586 nasu
283 543 383 599 expulsos
399 558 445 586 esse
459 547 520 599 puto.

449 642 499 685 XX.

164 745 297 802 Captivstas,
320 760 385 801 quam
402 760 480 789 usurus
496 748 521 789 in
533 746 636 803 Epistolis
655 746 683 789 ad
699 747 819 804 Ephesios,

134 847 272 890 Colossenses
297 850 318 899 et
342 846 506 907 Philemonem·
523 852 640 899 memorat,
670 848 819 892 caesareensis

133 949 206 1005 potius
222 964 287 1005 quam
303 948 402 992 Romana
416 949 517 993 habenda
532 955 575 999 est„
603 960 604 964 ’

444 1049 507 1093 XXI.

162 1151 255 1194 Pinum
274 1152 358 1195 Romae
378 1152 411 1195 bis
433 1154 542 1208 captivum
563 1153 640 1205 fuisse,
659 1155 711 1197 satis
727 1153 820 1198 incredi-

132 1252 176 1295 bile
192 1257 231 1295 est.

435 1353 511 1396 XXII.
533 1418 537 1424 ¹

165 1456 293 1499 Inconsulte
314 1455 416 1498 nonnulli
437 1454 532 1511 optabile
556 1458 645 1511 putant,
665 1458 691 1496 ut
715 1454 820 1511 antiquis-

135 1558 190 1600 sima
209 1556 317 1600 societatis
334 1556 471 1601 Christianae
488 1555 554 1598 facies
570 1556 612 1597 hoc
629 1560 704 1599 nostro
723 1560 820 1613 tempore

134 1659 268 1702 restituatur.

353 1748 355 1752 ’
435 1758 524 1800 uuirt,

165 1860 332 1902 Calumniantur
357 1860 543 1902 Instauratiouem
563 1844 688 1910 Sacrorum,
712 1859 749 1915 qui
764 1859 822 1902 inter

135 1962 205 2019 prima
226 1961 271 2005 eius
288 1962 371 2004 semina
391 1961 465 2003 odium
480 1961 548 2003 fuisse
562 1960 669 2011 clamant,
685 1974 728 2015 quo
743 1960 822 2003 Mona-

135 2063 170 2106 ehi
185 2062 341 2125 Augustiniani
355 2062 513 2105 Dominioanos
528 2066 715 2118 prosequerentur.
737 2105 739 2108 .

435 2163 519 2206 XXIV.

166 2264 261 2307 Dicendi
280 2265 374 2308 formula
394 2266 472 2306 Filium
493 2265 533 2306 Dei
548 2278 569 2306 se
585 2265 653 2319 gioria
668 2265 747 2306 coelesti
766 2264 824 2306 attt-

137 2379 204 2417 eusse,
225 2381 293 2421 quum
312 2370 404 2410 naturae
425 2367 534 2409 humanae
555 2365 662 2423 particeps
685 2365 759 2417 fieret,
776 2380 826 2411 anu

137 2466 226 2522 quidem
250 2467 360 2510 doetrinae
383 2472 530 2513 consentanea.
553 2472 597 2520 est,
619 2468 748 2524 neutiquam
772 2482 823 2512 vero

137 2567 236 2624 usurpari
251 2572 323 2624 potest
337 2584 350 2611 a
363 2568 490 2624 Theologis,
508 2569 544 2624 qui
558 2585 608 2613 eum
623 2569 719 2613 eiusdem
733 2573 824 2612 naturae

137 2685 162 2712 ae
176 2669 249 2712 Deum
264 2670 352 2713 Patrem
369 2686 415 2714 esse
431 2671 561 2714 existimant.
