1818 3289
413 171 441 212 85

115 440 227 485 {trinitatis
240 439 302 483 notio
318 436 462 481 ecclesiastica
476 435 502 477 in
515 434 594 477 Literis
610 433 686 477 Sacris
692 433 773 476 frustra

85 540 202 596 quaeritur.

115 744 180 785 Iusun
206 755 314 785 cuuisruu
336 740 378 783 hoc
406 739 497 783 consilio
519 739 544 782 in
571 753 634 782 cruce
651 743 773 782 vmortuum

86 857 143 894 csse,
163 846 189 885 ut
213 841 261 884 loco
283 841 397 884 hominum
416 841 544 884 vitiosorum
562 840 696 884 satisfaceret
711 840 773 892 Deo,

86 944 173 988 Literae
189 945 268 987 Sacrae
281 947 390 1000 nusquam
404 943 489 987 docent.
524 973 525 976 ,

381 1043 480 1086 XXVH.

113 1144 223 1188 Placitum
239 1144 361 1187 multorum
380 1143 630 1198 Theolcgcrum,1usuu
647 1146 698 1199 post
715 1157 773 1185 mor·
846 1194 848 1198 μ

85 1250 130 1289 tem
148 1244 271 1288 adulteros
291 1244 437 1296 descendisse,
458 1244 587 1300 neutiquam
604 1249 695 1288 tuentur
710 1244 775 1287 verba

86 1361 149 1389 nium
164 1347 219 1402 Epir.
234 1346 276 1388 IV.
291 1348 317 1398 9,
334 1348 369 1388 10.

373 1446 485 1489 untur.
539 1417 543 1428 ’

116 1547 182 1591 Quod
205 1548 233 1590 ab
253 1547 343 1603 antiquo
367 1546 443 1589 dicunt
456 1547 521 1603 fldem
540 1518 614 1588 acaum
632 1560 674 1588 esse
688 1547 742 1598 Da,
756 1546 775 1589 si

87 1653 146 1691 recte
170 1648 300 1704 explicatur,
321 1651 408 1691 tantum
428 1647 503 1699 abesa.
521 1653 547 1691 ut
566 1648 625 1691 uitae
645 1648 775 1710 morumque

86 1747 190 1803 probitati
204 1752 293 1799 noceat,
308 1752 334 1790 ut
349 1749 370 1790 ei
384 1748 499 1803 insigniter
513 1748 587 1805 prosit.

385 1848 470 1891 XXIX.

59 1953 61 1956 '
117 1949 229 1993 Audiendi
254 1965 300 1993 non
326 1955 390 2001 sunt,
412 1950 449 2006 qui
473 1950 497 1992 id
521 1950 569 1993 ficri
597 1965 661 2006 posse
682 1956 774 2006 negant,

88 2052 147 2109 quod
162 2053 257 2095 miraculi
271 2052 361 2095 nomine
375 2052 479 2109 appessari
493 2052 555 2095 solet.

394 2153 466 2196 XXX.
496 2160 502 2171 ⁴

117 2256 203 2308 Deum,
216 2256 318 2300 libertate
332 2256 457 2300 hominibus
472 2257 620 2309 concedenda,
636 2273 698 2300 suam
707 2258 776 2315 ipsius

88 2358 280 2416 circumscripsisse
294 2359 471 2416 praescientiam,
486 2359 604 2402 absurdum
620 2364 658 2403 est.

388 2460 473 2503 XXXI.

119 2563 194 2605 Minus
220 2562 332 2618 probanda
354 2565 387 2605 est
408 2562 529 2614 sententia,
549 2562 634 2605 homini
652 2562 776 2606 libertatem

87 2663 225 2707 tribuendam
244 2679 290 2707 esse
308 2665 399 2717 eoladi,
415 2665 488 2720 cpeudi
505 2679 555 2708 vero
570 2680 616 2708 nou
634 2666 665 2709 ite
690 2700 693 2706 .
