<?xml version="1.0" encoding="UTF-8"?>
<!DOCTYPE html PUBLIC "-//W3C//DTD XHTML 1.0 Transitional//EN"
    "http://www.w3.org/TR/xhtml1/DTD/xhtml1-transitional.dtd">
<html xmlns="http://www.w3.org/1999/xhtml" xml:lang="en" lang="en">
 <head>
  <title>
</title>
<meta http-equiv="Content-Type" content="text/html;charset=utf-8" />
  <meta name='ocr-system' content='tesseract 3.04.00' />
  <meta name='ocr-capabilities' content='ocr_page ocr_carea ocr_par ocr_line ocrx_word'/>
</head>
<body>
  <div class='ocr_page' id='page_1' title='image "./MN41960ucmf_0_0044.png"; bbox 0 0 1818 3237; ppageno 0'>
   <div class='ocr_carea' id='block_1_1' title="bbox 446 235 474 275">
    <p class='ocr_par' dir='ltr' id='par_1_1' title="bbox 446 235 474 275">
     <span class='ocr_line' id='line_1_1' title="bbox 446 235 474 275; baseline 0 0"><span class='ocrx_word' id='word_1_1' title='bbox 446 235 474 275; x_wconf 90' lang='grc'>10</span> 
     </span>
    </p>
   </div>
   <div class='ocr_carea' id='block_1_2' title="bbox 114 395 806 1362">
    <p class='ocr_par' dir='ltr' id='par_1_2' title="bbox 114 395 806 1362">
     <span class='ocr_line' id='line_1_2' title="bbox 114 395 799 450; baseline 0.003 -11"><span class='ocrx_word' id='word_1_2' title='bbox 114 395 167 445; x_wconf 74' lang='grc' dir='ltr'><strong><em>οἶκός</em></strong></span> <span class='ocrx_word' id='word_1_3' title='bbox 188 412 220 444; x_wconf 73' lang='grc' dir='ltr'>τις</span> <span class='ocrx_word' id='word_1_4' title='bbox 243 396 254 446; x_wconf 73' lang='grc' dir='ltr'>ἢ</span> <span class='ocrx_word' id='word_1_5' title='bbox 278 397 325 444; x_wconf 74' lang='grc' dir='ltr'>νεὼς</span> <span class='ocrx_word' id='word_1_6' title='bbox 350 396 400 450; x_wconf 77' lang='grc' dir='ltr'><em>ἱερὸς</em></span> <span class='ocrx_word' id='word_1_7' title='bbox 424 400 496 450; x_wconf 58' lang='lat' dir='ltr'>duffio</span> <span class='ocrx_word' id='word_1_8' title='bbox 517 401 616 449; x_wconf 74' lang='grc' dir='ltr'>λογικῆς,</span> <span class='ocrx_word' id='word_1_9' title='bbox 637 399 744 442; x_wconf 83' lang='lat' dir='ltr'>sententia</span> <span class='ocrx_word' id='word_1_10' title='bbox 767 402 799 442; x_wconf 85' lang='lat' dir='ltr'>est</span> 
     </span>
     <span class='ocr_line' id='line_1_3' title="bbox 114 497 799 557; baseline 0.003 -17"><span class='ocrx_word' id='word_1_11' title='bbox 114 498 250 554; x_wconf 74' lang='lat' dir='ltr'>philosophi,</span> <span class='ocrx_word' id='word_1_12' title='bbox 275 513 322 540; x_wconf 88' lang='lat' dir='ltr'>non</span> <span class='ocrx_word' id='word_1_13' title='bbox 345 498 454 555; x_wconf 84' lang='lat' dir='ltr'>scriptoris</span> <span class='ocrx_word' id='word_1_14' title='bbox 476 497 592 554; x_wconf 81' lang='lat' dir='ltr'>popularis.</span> <span class='ocrx_word' id='word_1_15' title='bbox 622 498 652 541; x_wconf 81' lang='lat' dir='ltr'>Et</span> <span class='ocrx_word' id='word_1_16' title='bbox 668 498 799 557; x_wconf 85' lang='lat' dir='ltr'>comparatio</span> 
     </span>
     <span class='ocr_line' id='line_1_4' title="bbox 114 599 800 657; baseline 0.003 -15"><span class='ocrx_word' id='word_1_17' title='bbox 114 599 210 642; x_wconf 83' lang='lat' dir='ltr'>hominis</span> <span class='ocrx_word' id='word_1_18' title='bbox 229 599 348 643; x_wconf 84' lang='lat' dir='ltr'>Christiani</span> <span class='ocrx_word' id='word_1_19' title='bbox 367 615 417 643; x_wconf 87' lang='lat' dir='ltr'>cum</span> <span class='ocrx_word' id='word_1_20' title='bbox 435 599 500 651; x_wconf 84' lang='lat' dir='ltr'>aede,</span> <span class='ocrx_word' id='word_1_21' title='bbox 517 614 582 656; x_wconf 79' lang='lat' dir='ltr'>quam</span> <span class='ocrx_word' id='word_1_22' title='bbox 599 599 692 657; x_wconf 73' lang='lat' dir='ltr'><strong>Spiritus</strong></span> <span class='ocrx_word' id='word_1_23' title='bbox 708 602 800 645; x_wconf 80' lang='lat' dir='ltr'>Sanctus</span> 
     </span>
     <span class='ocr_line' id='line_1_5' title="bbox 115 701 801 758; baseline 0 -14"><span class='ocrx_word' id='word_1_24' title='bbox 115 702 224 745; x_wconf 84' lang='lat' dir='ltr'>inhabitet</span> <span class='ocrx_word' id='word_1_25' title='bbox 245 704 268 758; x_wconf 84' lang='lat'>(1</span> <span class='ocrx_word' id='word_1_26' title='bbox 290 703 337 745; x_wconf 78' lang='lat' dir='ltr'>Gor.</span> <span class='ocrx_word' id='word_1_27' title='bbox 354 702 395 745; x_wconf 79' lang='lat' dir='ltr'>VI.</span> <span class='ocrx_word' id='word_1_28' title='bbox 415 704 466 758; x_wconf 83' lang='lat'><em>19),</em></span> <span class='ocrx_word' id='word_1_29' title='bbox 489 701 554 758; x_wconf 85' lang='lat' dir='ltr'>plane</span> <span class='ocrx_word' id='word_1_30' title='bbox 579 702 633 745; x_wconf 88' lang='lat' dir='ltr'>alius</span> <span class='ocrx_word' id='word_1_31' title='bbox 657 706 696 745; x_wconf 87' lang='lat' dir='ltr'>est</span> <span class='ocrx_word' id='word_1_32' title='bbox 711 703 801 758; x_wconf 81' lang='lat' dir='ltr'>generis.</span> 
     </span>
     <span class='ocr_line' id='line_1_6' title="bbox 117 802 802 859; baseline 0.003 -15"><span class='ocrx_word' id='word_1_33' title='bbox 117 803 217 846; x_wconf 76' lang='lat' dir='ltr'>Fortasse</span> <span class='ocrx_word' id='word_1_34' title='bbox 239 803 287 859; x_wconf 88' lang='lat' dir='ltr'>quis</span> <span class='ocrx_word' id='word_1_35' title='bbox 312 803 355 846; x_wconf 90' lang='lat' dir='ltr'>ait:</span> <span class='ocrx_word' id='word_1_36' title='bbox 371 802 471 846; x_wconf 85' lang='lat' dir='ltr'>Pondere</span> <span class='ocrx_word' id='word_1_37' title='bbox 493 807 551 846; x_wconf 88' lang='lat' dir='ltr'>caret</span> <span class='ocrx_word' id='word_1_38' title='bbox 568 805 638 847; x_wconf 85' lang='lat' dir='ltr'>omnis</span> <span class='ocrx_word' id='word_1_39' title='bbox 654 804 802 856; x_wconf 72' lang='lat' dir='ltr'>ratiocinatio,</span> 
     </span>
     <span class='ocr_line' id='line_1_7' title="bbox 117 903 802 961; baseline 0 -14"><span class='ocrx_word' id='word_1_40' title='bbox 117 919 186 960; x_wconf 86' lang='lat' dir='ltr'>quum</span> <span class='ocrx_word' id='word_1_41' title='bbox 203 904 250 961; x_wconf 79' lang='lat' dir='ltr'>ipse</span> <span class='ocrx_word' id='word_1_42' title='bbox 272 918 376 947; x_wconf 72' lang='lat' dir='ltr'>musanus</span> <span class='ocrx_word' id='word_1_43' title='bbox 398 903 517 960; x_wconf 85' lang='lat' dir='ltr'>scripserit:</span> <span class='ocrx_word' id='word_1_44' title='bbox 542 906 617 953; x_wconf 80' lang='grc' dir='ltr'><em>ἐκεῖνος</em></span> <span class='ocrx_word' id='word_1_45' title='bbox 638 905 659 949; x_wconf 77' lang='grc' dir='ltr'>δὲ</span> <span class='ocrx_word' id='word_1_46' title='bbox 679 904 741 957; x_wconf 69' lang='grc' dir='ltr'><em>’ἔλεγε</em></span> <span class='ocrx_word' id='word_1_47' title='bbox 757 903 802 959; x_wconf 71' lang='grc' dir='ltr'>περὶ</span> 
     </span>
     <span class='ocr_line' id='line_1_8' title="bbox 118 1004 804 1062; baseline 0.004 -16"><span class='ocrx_word' id='word_1_48' title='bbox 118 1008 154 1048; x_wconf 75' lang='grc' dir='ltr'>τοῦ</span> <span class='ocrx_word' id='word_1_49' title='bbox 172 1008 221 1047; x_wconf 75' lang='lat' dir='ltr'>racd</span> <span class='ocrx_word' id='word_1_50' title='bbox 236 1008 272 1048; x_wconf 73' lang='grc' dir='ltr'>τοῦ</span> <span class='ocrx_word' id='word_1_51' title='bbox 290 1004 386 1057; x_wconf 66' lang='lat' dir='ltr'>eductor</span> <span class='ocrx_word' id='word_1_52' title='bbox 403 1006 475 1048; x_wconf 55' lang='lat' dir='ltr'>aazia.</span> <span class='ocrx_word' id='word_1_53' title='bbox 505 1005 575 1062; x_wconf 77' lang='lat' dir='ltr'>Atqui</span> <span class='ocrx_word' id='word_1_54' title='bbox 594 1005 652 1049; x_wconf 89' lang='lat' dir='ltr'>dicto</span> <span class='ocrx_word' id='word_1_55' title='bbox 670 1006 698 1048; x_wconf 91' lang='lat' dir='ltr'>ad</span> <span class='ocrx_word' id='word_1_56' title='bbox 716 1020 762 1049; x_wconf 74' lang='lat' dir='ltr'>msc</span> <span class='ocrx_word' id='word_1_57' title='bbox 779 1006 804 1049; x_wconf 83' lang='lat' dir='ltr'>in</span> 
     </span>
     <span class='ocr_line' id='line_1_9' title="bbox 118 1078 805 1162; baseline 0 -14"><span class='ocrx_word' id='word_1_58' title='bbox 118 1078 186 1149; x_wconf 76' lang='lat' dir='ltr'>sitam</span> <span class='ocrx_word' id='word_1_59' title='bbox 204 1106 299 1149; x_wconf 88' lang='lat' dir='ltr'>reditum</span> <span class='ocrx_word' id='word_1_60' title='bbox 317 1105 398 1156; x_wconf 87' lang='lat' dir='ltr'>relato,</span> <span class='ocrx_word' id='word_1_61' title='bbox 418 1109 469 1148; x_wconf 87' lang='lat' dir='ltr'>ante</span> <span class='ocrx_word' id='word_1_62' title='bbox 486 1105 551 1162; x_wconf 79' lang='lat' dir='ltr'>pedes</span> <span class='ocrx_word' id='word_1_63' title='bbox 571 1110 617 1150; x_wconf 86' lang='lat' dir='ltr'>erat</span> <span class='ocrx_word' id='word_1_64' title='bbox 630 1106 753 1158; x_wconf 82' lang='lat' dir='ltr'>conclusio,</span> <span class='ocrx_word' id='word_1_65' title='bbox 767 1120 805 1148; x_wconf 91' lang='lat' dir='ltr'>vo-</span> 
     </span>
     <span class='ocr_line' id='line_1_10' title="bbox 120 1205 806 1263; baseline -0.003 -13"><span class='ocrx_word' id='word_1_66' title='bbox 120 1221 167 1250; x_wconf 90' lang='lat' dir='ltr'>cem</span> <span class='ocrx_word' id='word_1_67' title='bbox 186 1206 233 1254; x_wconf 63' lang='lat' dir='ltr'>vada</span> <span class='ocrx_word' id='word_1_68' title='bbox 250 1206 276 1248; x_wconf 89' lang='lat' dir='ltr'>in</span> <span class='ocrx_word' id='word_1_69' title='bbox 293 1206 332 1248; x_wconf 88' lang='lat' dir='ltr'>illo</span> <span class='ocrx_word' id='word_1_70' title='bbox 351 1205 482 1262; x_wconf 84' lang='lat' dir='ltr'>significasse</span> <span class='ocrx_word' id='word_1_71' title='bbox 507 1220 583 1263; x_wconf 86' lang='lat' dir='ltr'>corpus</span> <span class='ocrx_word' id='word_1_72' title='bbox 601 1206 705 1259; x_wconf 80' lang='lat' dir='ltr'>Domini,</span> <span class='ocrx_word' id='word_1_73' title='bbox 721 1206 806 1250; x_wconf 79' lang='lat' dir='ltr'>etiamsi</span> 
     </span>
     <span class='ocr_line' id='line_1_11' title="bbox 119 1306 639 1362; baseline 0 -13"><span class='ocrx_word' id='word_1_74' title='bbox 119 1307 174 1349; x_wconf 85' lang='lat' dir='ltr'>haec</span> <span class='ocrx_word' id='word_1_75' title='bbox 190 1306 262 1362; x_wconf 80' lang='lat' dir='ltr'>imago</span> <span class='ocrx_word' id='word_1_76' title='bbox 281 1306 407 1362; x_wconf 74' lang='lat' dir='ltr'>ceteroquin</span> <span class='ocrx_word' id='word_1_77' title='bbox 421 1306 502 1349; x_wconf 86' lang='lat' dir='ltr'>usitata</span> <span class='ocrx_word' id='word_1_78' title='bbox 516 1321 562 1349; x_wconf 92' lang='lat' dir='ltr'>non</span> <span class='ocrx_word' id='word_1_79' title='bbox 577 1312 639 1351; x_wconf 83' lang='lat' dir='ltr'>esset.</span> 
     </span>
    </p>
   </div>
   <div class='ocr_carea' id='block_1_3' title="bbox 150 1407 808 1463">
    <p class='ocr_par' dir='ltr' id='par_1_3' title="bbox 150 1407 808 1463">
     <span class='ocr_line' id='line_1_12' title="bbox 150 1407 808 1463; baseline 0.005 -15"><span class='ocrx_word' id='word_1_80' title='bbox 150 1407 185 1449; x_wconf 75' lang='lat' dir='ltr'>Er</span> <span class='ocrx_word' id='word_1_81' title='bbox 204 1407 231 1449; x_wconf 86' lang='lat' dir='ltr'>iis</span> <span class='ocrx_word' id='word_1_82' title='bbox 255 1421 310 1462; x_wconf 87' lang='lat' dir='ltr'>quae</span> <span class='ocrx_word' id='word_1_83' title='bbox 333 1407 391 1450; x_wconf 90' lang='lat' dir='ltr'>dicta</span> <span class='ocrx_word' id='word_1_84' title='bbox 414 1410 466 1450; x_wconf 86' lang='lat' dir='ltr'>sunt</span> <span class='ocrx_word' id='word_1_85' title='bbox 492 1408 554 1463; x_wconf 87' lang='lat' dir='ltr'>sequi</span> <span class='ocrx_word' id='word_1_86' title='bbox 575 1407 620 1450; x_wconf 88' lang='lat' dir='ltr'>iam</span> <span class='ocrx_word' id='word_1_87' title='bbox 641 1408 727 1451; x_wconf 88' lang='lat' dir='ltr'>videtur</span> <span class='ocrx_word' id='word_1_88' title='bbox 745 1423 808 1452; x_wconf 80' lang='lat' dir='ltr'>rusum</span> 
     </span>
    </p>
   </div>
   <div class='ocr_carea' id='block_1_4' title="bbox 122 1506 809 1565">
    <p class='ocr_par' dir='ltr' id='par_1_4' title="bbox 122 1506 809 1565">
     <span class='ocr_line' id='line_1_13' title="bbox 122 1506 809 1565; baseline 0.004 -16"><span class='ocrx_word' id='word_1_89' title='bbox 122 1506 187 1550; x_wconf 84' lang='lat' dir='ltr'>effato</span> <span class='ocrx_word' id='word_1_90' title='bbox 205 1507 244 1550; x_wconf 87' lang='lat' dir='ltr'>illo</span> <span class='ocrx_word' id='word_1_91' title='bbox 261 1522 307 1549; x_wconf 90' lang='lat' dir='ltr'>non</span> <span class='ocrx_word' id='word_1_92' title='bbox 322 1522 384 1549; x_wconf 89' lang='lat' dir='ltr'>suam</span> <span class='ocrx_word' id='word_1_93' title='bbox 400 1511 507 1564; x_wconf 79' lang='lat' dir='ltr'>spectasse</span> <span class='ocrx_word' id='word_1_94' title='bbox 519 1512 613 1551; x_wconf 81' lang='lat' dir='ltr'>incitem</span> <span class='ocrx_word' id='word_1_95' title='bbox 633 1509 771 1565; x_wconf 79' lang='lat' dir='ltr'>reditumque</span> <span class='ocrx_word' id='word_1_96' title='bbox 784 1510 809 1552; x_wconf 89' lang='lat' dir='ltr'>in</span> 
     </span>
    </p>
   </div>
   <div class='ocr_carea' id='block_1_5' title="bbox 122 1608 809 1666">
    <p class='ocr_par' dir='ltr' id='par_1_5' title="bbox 122 1608 809 1666">
     <span class='ocr_line' id='line_1_14' title="bbox 122 1608 809 1666; baseline 0 -14"><span class='ocrx_word' id='word_1_97' title='bbox 122 1609 197 1652; x_wconf 85' lang='lat' dir='ltr'>vitam.</span> <span class='ocrx_word' id='word_1_98' title='bbox 224 1608 268 1651; x_wconf 78' lang='lat' dir='ltr'>Sed</span> <span class='ocrx_word' id='word_1_99' title='bbox 285 1608 404 1651; x_wconf 72' lang='lat' dir='ltr'>nonnullae</span> <span class='ocrx_word' id='word_1_100' title='bbox 422 1612 506 1652; x_wconf 80' lang='lat' dir='ltr'>restant</span> <span class='ocrx_word' id='word_1_101' title='bbox 525 1609 640 1653; x_wconf 85' lang='lat' dir='ltr'>solvendae</span> <span class='ocrx_word' id='word_1_102' title='bbox 660 1610 809 1666; x_wconf 85' lang='lat' dir='ltr'>quaestiones,</span> 
     </span>
    </p>
   </div>
   <div class='ocr_carea' id='block_1_6' title="bbox 123 1708 814 2270">
    <p class='ocr_par' dir='ltr' id='par_1_6' title="bbox 123 1708 453 1752">
     <span class='ocr_line' id='line_1_15' title="bbox 123 1708 453 1752; baseline -0.006 0"><span class='ocrx_word' id='word_1_103' title='bbox 123 1708 305 1752; x_wconf 83' lang='lat' dir='ltr'>contradictiones</span> <span class='ocrx_word' id='word_1_104' title='bbox 319 1708 453 1751; x_wconf 75' lang='lat' dir='ltr'>refutandae.</span> 
     </span>
    </p>

    <p class='ocr_par' dir='ltr' id='par_1_7' title="bbox 124 1807 814 2270">
     <span class='ocr_line' id='line_1_16' title="bbox 155 1807 812 1857; baseline 0.003 -6"><span class='ocrx_word' id='word_1_105' title='bbox 155 1812 174 1852; x_wconf 89' lang='grc'>1.</span> <span class='ocrx_word' id='word_1_106' title='bbox 206 1808 325 1852; x_wconf 73' lang='lat' dir='ltr'>Quaeritur</span> <span class='ocrx_word' id='word_1_107' title='bbox 341 1824 395 1852; x_wconf 87' lang='lat' dir='ltr'>num</span> <span class='ocrx_word' id='word_1_108' title='bbox 410 1809 515 1852; x_wconf 85' lang='lat' dir='ltr'>vocabulo</span> <span class='ocrx_word' id='word_1_109' title='bbox 527 1807 575 1857; x_wconf 66' lang='lat' dir='ltr'>vado</span> <span class='ocrx_word' id='word_1_110' title='bbox 589 1809 752 1853; x_wconf 88' lang='lat' dir='ltr'>accommodata</span> <span class='ocrx_word' id='word_1_111' title='bbox 767 1809 812 1853; x_wconf 86' lang='lat' dir='ltr'>sint</span> 
     </span>
     <span class='ocr_line' id='line_1_17' title="bbox 124 1909 812 1966; baseline -0.003 -12"><span class='ocrx_word' id='word_1_112' title='bbox 124 1910 190 1954; x_wconf 80' lang='lat' dir='ltr'>verba</span> <span class='ocrx_word' id='word_1_113' title='bbox 213 1909 281 1954; x_wconf 71' lang='grc' dir='ltr'><em>λύειιι</em></span> <span class='ocrx_word' id='word_1_114' title='bbox 292 1913 314 1954; x_wconf 87' lang='lat' dir='ltr'>et</span> <span class='ocrx_word' id='word_1_115' title='bbox 332 1909 429 1964; x_wconf 75' lang='grc' dir='ltr'><em>ἐγείρειν,</em></span> <span class='ocrx_word' id='word_1_116' title='bbox 452 1911 496 1953; x_wconf 89' lang='lat' dir='ltr'>nisi</span> <span class='ocrx_word' id='word_1_117' title='bbox 515 1910 555 1954; x_wconf 87' lang='lat' dir='ltr'>sub</span> <span class='ocrx_word' id='word_1_118' title='bbox 575 1910 614 1953; x_wconf 88' lang='lat' dir='ltr'>illa</span> <span class='ocrx_word' id='word_1_119' title='bbox 632 1910 728 1966; x_wconf 83' lang='lat' dir='ltr'>imagine</span> <span class='ocrx_word' id='word_1_120' title='bbox 744 1911 812 1954; x_wconf 86' lang='lat' dir='ltr'>lateat</span> 
     </span>
     <span class='ocr_line' id='line_1_18' title="bbox 125 2000 813 2067; baseline -0.001 -13"><span class='ocrx_word' id='word_1_121' title='bbox 125 2012 187 2055; x_wconf 90' lang='lat' dir='ltr'>notio</span> <span class='ocrx_word' id='word_1_122' title='bbox 208 2012 305 2067; x_wconf 76' lang='lat' dir='ltr'>corporis.</span> <span class='ocrx_word' id='word_1_123' title='bbox 336 2012 419 2055; x_wconf 85' lang='lat' dir='ltr'>Verum</span> <span class='ocrx_word' id='word_1_124' title='bbox 437 2012 464 2054; x_wconf 91' lang='lat' dir='ltr'>de</span> <span class='ocrx_word' id='word_1_125' title='bbox 481 2012 548 2055; x_wconf 87' lang='lat' dir='ltr'>altero</span> <span class='ocrx_word' id='word_1_126' title='bbox 567 2026 613 2055; x_wconf 86' lang='lat' dir='ltr'>non</span> <span class='ocrx_word' id='word_1_127' title='bbox 633 2000 752 2063; x_wconf 84' lang='lat' dir='ltr'>dubitabit,</span> <span class='ocrx_word' id='word_1_128' title='bbox 775 2009 813 2066; x_wconf 85' lang='lat' dir='ltr'>qui</span> 
     </span>
     <span class='ocr_line' id='line_1_19' title="bbox 126 2109 814 2168; baseline -0.004 -12"><span class='ocrx_word' id='word_1_129' title='bbox 126 2114 196 2157; x_wconf 81' lang='lat' dir='ltr'>varios</span> <span class='ocrx_word' id='word_1_130' title='bbox 215 2112 339 2156; x_wconf 82' lang='lat' dir='ltr'>meminerit</span> <span class='ocrx_word' id='word_1_131' title='bbox 358 2112 430 2164; x_wconf 81' lang='lat' dir='ltr'>locos,</span> <span class='ocrx_word' id='word_1_132' title='bbox 444 2112 484 2155; x_wconf 87' lang='lat' dir='ltr'>ubi</span> <span class='ocrx_word' id='word_1_133' title='bbox 502 2112 593 2168; x_wconf 80' lang='lat' dir='ltr'>simplex</span> <span class='ocrx_word' id='word_1_134' title='bbox 609 2110 666 2154; x_wconf 74' lang='grc' dir='ltr'><em>λύειν</em></span> <span class='ocrx_word' id='word_1_135' title='bbox 683 2115 765 2162; x_wconf 79' lang='lat' dir='ltr'>exstat,</span> <span class='ocrx_word' id='word_1_136' title='bbox 779 2109 814 2153; x_wconf 87' lang='lat' dir='ltr'>uti</span> 
     </span>
     <span class='ocr_line' id='line_1_20' title="bbox 128 2210 814 2270; baseline -0.006 -14"><span class='ocrx_word' id='word_1_137' title='bbox 128 2215 183 2270; x_wconf 70' lang='lat' dir='ltr'>Epir.</span> <span class='ocrx_word' id='word_1_138' title='bbox 196 2214 229 2256; x_wconf 83' lang='lat' dir='ltr'>H.</span> <span class='ocrx_word' id='word_1_139' title='bbox 248 2216 289 2256; x_wconf 73' lang='lat'>14:</span> <span class='ocrx_word' id='word_1_140' title='bbox 304 2213 327 2256; x_wconf 74' lang='lat' dir='ltr'>td</span> <span class='ocrx_word' id='word_1_141' title='bbox 343 2211 467 2266; x_wconf 74' lang='grc' dir='ltr'><em>μεσότοιχον</em></span> <span class='ocrx_word' id='word_1_142' title='bbox 482 2216 518 2256; x_wconf 80' lang='grc' dir='ltr'>τοῦ</span> <span class='ocrx_word' id='word_1_143' title='bbox 534 2214 636 2268; x_wconf 63' lang='grc' dir='ltr'>φραγμοῦ</span> <span class='ocrx_word' id='word_1_144' title='bbox 652 2211 734 2261; x_wconf 53' lang='lat' dir='ltr'>aduam</span> <span class='ocrx_word' id='word_1_145' title='bbox 750 2210 814 2254; x_wconf 71' lang='lat' dir='ltr'>Esar.</span> 
     </span>
    </p>
   </div>
   <div class='ocr_carea' id='block_1_7' title="bbox 129 2311 853 2370">
    <p class='ocr_par' dir='ltr' id='par_1_8' title="bbox 129 2311 853 2370">
     <span class='ocr_line' id='line_1_21' title="bbox 129 2311 853 2370; baseline -0.004 -13"><span class='ocrx_word' id='word_1_146' title='bbox 129 2316 147 2358; x_wconf 94' lang='lat' dir='ltr'>I.</span> <span class='ocrx_word' id='word_1_147' title='bbox 168 2317 209 2358; x_wconf 75' lang='lat'>52:</span> <span class='ocrx_word' id='word_1_148' title='bbox 225 2313 302 2358; x_wconf 67' lang='lat' dir='ltr'>ddvcdv</span> <span class='ocrx_word' id='word_1_149' title='bbox 320 2313 349 2357; x_wconf 68' lang='lat' dir='ltr'>sd</span> <span class='ocrx_word' id='word_1_150' title='bbox 366 2313 428 2369; x_wconf 73' lang='grc' dir='ltr'><em>τείχη</em></span> <span class='ocrx_word' id='word_1_151' title='bbox 446 2312 583 2370; x_wconf 61' lang='grc' dir='ltr'>Ἰερουσαλήμ</span> <span class='ocrx_word' id='word_1_152' title='bbox 598 2314 631 2369; x_wconf 85' lang='lat'>1):</span> <span class='ocrx_word' id='word_1_153' title='bbox 652 2311 744 2361; x_wconf 88' lang='lat' dir='ltr'>alterum</span> <span class='ocrx_word' id='word_1_154' title='bbox 762 2312 814 2355; x_wconf 87' lang='lat' dir='ltr'>satis</span> <span class='ocrx_word' id='word_1_155' title='bbox 851 2332 853 2335; x_wconf 96' lang='lat'>·</span> 
     </span>
    </p>
   </div>
   <div class='ocr_carea' id='block_1_8' title="bbox 153 2481 875 2529">
    <p class='ocr_par' dir='ltr' id='par_1_9' title="bbox 153 2481 875 2529">
     <span class='ocr_line' id='line_1_22' title="bbox 153 2481 875 2529; baseline -0.006 -11"><span class='ocrx_word' id='word_1_156' title='bbox 153 2484 166 2529; x_wconf 81' lang='lat'>¹)</span> <span class='ocrx_word' id='word_1_157' title='bbox 179 2485 205 2518; x_wconf 80' lang='lat' dir='ltr'>Ct.</span> <span class='ocrx_word' id='word_1_158' title='bbox 216 2495 261 2519; x_wconf 83' lang='lat' dir='ltr'>non.</span> <span class='ocrx_word' id='word_1_159' title='bbox 275 2482 298 2517; x_wconf 80' lang='lat' dir='ltr'>Il.</span> <span class='ocrx_word' id='word_1_160' title='bbox 310 2484 361 2518; x_wconf 75' lang='lat' dir='ltr'><strong>XVI.</strong></span> <span class='ocrx_word' id='word_1_161' title='bbox 377 2488 415 2518; x_wconf 82' lang='grc'>100.</span> <span class='ocrx_word' id='word_1_162' title='bbox 432 2485 457 2518; x_wconf 87' lang='grc' dir='ltr'>ΙΙ.</span> <span class='ocrx_word' id='word_1_163' title='bbox 475 2486 513 2516; x_wconf 80' lang='grc'>118.</span> <span class='ocrx_word' id='word_1_164' title='bbox 536 2481 565 2515; x_wconf 83' lang='lat' dir='ltr'>Od.</span> <span class='ocrx_word' id='word_1_165' title='bbox 580 2482 633 2515; x_wconf 82' lang='lat' dir='ltr'>XIII.</span> <span class='ocrx_word' id='word_1_166' title='bbox 650 2485 689 2515; x_wconf 75' lang='lat'>388.</span> <span class='ocrx_word' id='word_1_167' title='bbox 707 2492 749 2516; x_wconf 77' lang='lat' dir='ltr'>nau.</span> <span class='ocrx_word' id='word_1_168' title='bbox 762 2481 814 2516; x_wconf 75' lang='lat' dir='ltr'>Anat.</span> <span class='ocrx_word' id='word_1_169' title='bbox 872 2510 875 2513; x_wconf 87' lang='lat'>.</span> 
     </span>
    </p>
   </div>
   <div class='ocr_carea' id='block_1_9' title="bbox 130 2543 816 2777">
    <p class='ocr_par' dir='ltr' id='par_1_10' title="bbox 130 2543 816 2777">
     <span class='ocr_line' id='line_1_23' title="bbox 130 2543 815 2590; baseline -0.007 -9"><span class='ocrx_word' id='word_1_170' title='bbox 130 2546 155 2581; x_wconf 79' lang='grc' dir='ltr'>Π.</span> <span class='ocrx_word' id='word_1_171' title='bbox 166 2551 186 2587; x_wconf 81' lang='grc'>4,</span> <span class='ocrx_word' id='word_1_172' title='bbox 198 2550 228 2587; x_wconf 84' lang='lat'>17,</span> <span class='ocrx_word' id='word_1_173' title='bbox 241 2551 257 2580; x_wconf 83' lang='lat' dir='ltr'>et</span> <span class='ocrx_word' id='word_1_174' title='bbox 268 2547 378 2590; x_wconf 83' lang='lat' dir='ltr'>compositum</span> <span class='ocrx_word' id='word_1_175' title='bbox 393 2545 500 2579; x_wconf 66' lang='lat' dir='ltr'>novalias:</span> <span class='ocrx_word' id='word_1_176' title='bbox 513 2543 562 2577; x_wconf 75' lang='lat' dir='ltr'>dittd.</span> <span class='ocrx_word' id='word_1_177' title='bbox 572 2544 643 2578; x_wconf 81' lang='lat' dir='ltr'>XXVI.</span> <span class='ocrx_word' id='word_1_178' title='bbox 656 2547 683 2577; x_wconf 85' lang='lat'>61.</span> <span class='ocrx_word' id='word_1_179' title='bbox 694 2544 774 2578; x_wconf 74' lang='lat' dir='ltr'>XXVII.</span> <span class='ocrx_word' id='word_1_180' title='bbox 787 2548 815 2577; x_wconf 80' lang='lat'>40.</span> 
     </span>
     <span class='ocr_line' id='line_1_24' title="bbox 131 2603 815 2643; baseline -0.007 -1"><span class='ocrx_word' id='word_1_181' title='bbox 131 2607 175 2642; x_wconf 73' lang='lat' dir='ltr'>lllre</span> <span class='ocrx_word' id='word_1_182' title='bbox 191 2608 243 2641; x_wconf 76' lang='lat' dir='ltr'>XIV.</span> <span class='ocrx_word' id='word_1_183' title='bbox 260 2612 287 2641; x_wconf 77' lang='lat'>58.</span> <span class='ocrx_word' id='word_1_184' title='bbox 304 2609 345 2643; x_wconf 88' lang='lat' dir='ltr'>XV.</span> <span class='ocrx_word' id='word_1_185' title='bbox 362 2612 389 2642; x_wconf 78' lang='lat'>29.</span> <span class='ocrx_word' id='word_1_186' title='bbox 405 2606 442 2642; x_wconf 80' lang='lat' dir='ltr'>Aa.</span> <span class='ocrx_word' id='word_1_187' title='bbox 455 2609 488 2642; x_wconf 76' lang='lat' dir='ltr'>VT.</span> <span class='ocrx_word' id='word_1_188' title='bbox 502 2611 528 2640; x_wconf 82' lang='lat'>14.</span> <span class='ocrx_word' id='word_1_189' title='bbox 545 2603 605 2640; x_wconf 73' lang='lat' dir='ltr'>ador.</span> <span class='ocrx_word' id='word_1_190' title='bbox 618 2608 640 2641; x_wconf 87' lang='lat' dir='ltr'>V.</span> <span class='ocrx_word' id='word_1_191' title='bbox 657 2610 671 2640; x_wconf 82' lang='lat' dir='ltr'>L</span> <span class='ocrx_word' id='word_1_192' title='bbox 691 2604 729 2640; x_wconf 74' lang='lat' dir='ltr'>Gal.</span> <span class='ocrx_word' id='word_1_193' title='bbox 745 2605 770 2638; x_wconf 86' lang='grc' dir='ltr'>Π.</span> <span class='ocrx_word' id='word_1_194' title='bbox 789 2608 815 2638; x_wconf 84' lang='grc'>18.</span> 
     </span>
     <span class='ocr_line' id='line_1_25' title="bbox 131 2667 816 2715; baseline -0.006 -11"><span class='ocrx_word' id='word_1_195' title='bbox 131 2672 188 2705; x_wconf 85' lang='lat' dir='ltr'>Minus</span> <span class='ocrx_word' id='word_1_196' title='bbox 198 2671 268 2714; x_wconf 76' lang='lat' dir='ltr'>appositi</span> <span class='ocrx_word' id='word_1_197' title='bbox 280 2672 370 2711; x_wconf 78' lang='lat' dir='ltr'>santiani,</span> <span class='ocrx_word' id='word_1_198' title='bbox 383 2681 424 2715; x_wconf 83' lang='lat' dir='ltr'>quos</span> <span class='ocrx_word' id='word_1_199' title='bbox 437 2670 516 2704; x_wconf 75' lang='lat' dir='ltr'>excitavit</span> <span class='ocrx_word' id='word_1_200' title='bbox 527 2678 611 2709; x_wconf 73' lang='lat' dir='ltr'>anemos,</span> <span class='ocrx_word' id='word_1_201' title='bbox 623 2673 633 2701; x_wconf 79' lang='lat'>2</span> <span class='ocrx_word' id='word_1_202' title='bbox 644 2667 692 2701; x_wconf 69' lang='lat' dir='ltr'>Pur.</span> <span class='ocrx_word' id='word_1_203' title='bbox 701 2668 736 2702; x_wconf 83' lang='grc' dir='ltr'>ΠΙ.</span> <span class='ocrx_word' id='word_1_204' title='bbox 748 2670 777 2709; x_wconf 84' lang='grc'>10,</span> <span class='ocrx_word' id='word_1_205' title='bbox 789 2670 816 2700; x_wconf 80' lang='lat'>12.</span> 
     </span>
     <span class='ocr_line' id='line_1_26' title="bbox 134 2731 712 2777; baseline -0.005 -10"><span class='ocrx_word' id='word_1_206' title='bbox 134 2738 141 2766; x_wconf 94' lang='lat' dir='ltr'>l</span> <span class='ocrx_word' id='word_1_207' title='bbox 155 2732 365 2777; x_wconf 73' lang='lat' dir='ltr'>roa.111.e‚quppein</span> <span class='ocrx_word' id='word_1_208' title='bbox 377 2734 437 2777; x_wconf 83' lang='lat' dir='ltr'>quibus</span> <span class='ocrx_word' id='word_1_209' title='bbox 449 2732 470 2765; x_wconf 87' lang='lat' dir='ltr'>dc</span> <span class='ocrx_word' id='word_1_210' title='bbox 482 2731 559 2765; x_wconf 81' lang='lat' dir='ltr'>aedificiis</span> <span class='ocrx_word' id='word_1_211' title='bbox 571 2741 625 2766; x_wconf 87' lang='lat' dir='ltr'>sermo</span> <span class='ocrx_word' id='word_1_212' title='bbox 637 2741 672 2766; x_wconf 85' lang='lat' dir='ltr'>non</span> <span class='ocrx_word' id='word_1_213' title='bbox 682 2735 712 2766; x_wconf 82' lang='lat' dir='ltr'>est.</span> 
     </span>
    </p>
   </div>
   <div class='ocr_carea' id='block_1_10' title="bbox 0 0 939 3237">
    <p class='ocr_par' dir='ltr' id='par_1_11' title="bbox 0 0 939 3237">
     <span class='ocr_line' id='line_1_27' title="bbox 0 0 939 3237; baseline 0 0"><span class='ocrx_word' id='word_1_214' title='bbox 0 0 939 3237; x_wconf 95' lang='lat' dir='ltr'> </span> 
     </span>
    </p>
   </div>
  </div>
 </body>
</html>
