1818 3237
688 270 749 297 ‚tx

60 441 183 485 quamquam
202 427 241 467 otio
262 427 371 482 lioaorifico
390 424 508 478 fi‘ueutem,
524 423 648 464 Academiae
665 423 751 463 alumuis

62 530 168 584 iasiquiter
190 528 287 583 prodesse
311 509 400 582 perqere.
431 526 498 566 Deum
517 539 590 579 precor
613 526 637 566 O.
660 523 693 565 M.
699 556 706 575 ,
730 526 752 565 ut

63 633 99 673 diu
118 631 163 673 Pili
185 634 249 672 seruet
271 631 359 685 quietam
382 630 443 669 istam
465 631 597 678 seuectutem,
621 627 751 680 Tlaeoloqiae,

62 731 179 783 Ecclesiae,
195 730 319 772 Academiae
336 729 540 784 Luqduuo-Batuuue
556 728 690 769 utilissimam.

93 834 141 875 Noa
152 845 247 886 possum,
263 833 312 886 qaia
328 831 389 872 Vobis
402 843 490 886 quoque,
510 830 556 871 Viri
574 830 689 871 Clarissimi
702 843 751 871 Kisr

16 987 18 989 -
63 937 82 973 et
106 932 226 974 sonamus!
254 931 401 973 observantiam
425 944 490 972 aleam
512 933 633 986 qratmuque
663 932 753 972 amimam

63 1033 163 1089 testificer.
198 1033 289 1086 Optimos
303 1046 334 1074 irie
346 1046 381 1073 uos
397 1033 420 1073 ia
433 1032 507 1073 stadiis
523 1033 646 1087 llieoloqicis
660 1030 753 1072 habuisse

64 1135 135 1186 duces,
151 1113 215 1175 laetus
228 1138 328 1192 profiteor
342 1137 361 1175 et
377 1147 440 1188 usqae
452 1133 570 1188 profitebor.
598 1134 651 1180 Quot
667 1135 752 1187 qaautc-

64 1236 204 1291 queVestrae
225 1236 346 1277 iustitutioai
367 1235 483 1290 Vestrisque
504 1235 603 1284 consiliis,
625 1234 674 1288 qaia
692 1234 753 1273 etiam

60 1336 169 1389 wfaruiliari
188 1336 272 1376 Vestrae
285 1336 424 1377 cousuetudiai
438 1338 519 1389 accepta
535 1333 644 1388 refereada
658 1333 753 1384 traheam,

65 1435 158 1477 obliuioui
179 1449 282 1490 urauquam
306 1436 391 1477 datious
415 1449 466 1476 sicui.
502 1435 564 1476 Mauo
586 1434 754 1489 qrattasaaots

60 1535 142 1588 publice
165 1549 202 1589 aqo
228 1549 288 1590 qaam
311 1537 417 1577 ruaairuas.
453 1537 547 1587 Uticam,
570 1536 678 1577 adiuoaute
696 1536 752 1587 Deo,

64 1636 124 1676 talem
140 1639 212 1690 postea
230 1649 261 1677 me
277 1641 380 1690 praestem
401 1638 512 1678 Sacrorum
528 1638 658 1688 Autistitem,
674 1638 753 1692 qualem

63 1750 84 1777 se
97 1740 204 1791 praestare
222 1736 315 1779 Vestrum
331 1738 452 1791 discipidum
468 1738 528 1778 decet.

93 1837 124 1877 Et
142 1838 169 1878 Te
185 1838 263 1878 sileatio
282 1839 398 1892 praeterire
420 1839 491 1892 reliqio
508 1840 558 1879 utra
574 1842 612 1889 est,
637 1838 753 1879 Clarissima

65 1938 182 1978 muscum!
199 1950 257 1992 quem
266 1951 305 1991 per
317 1939 404 1993 quiaque
414 1938 475 1992 fere,
491 1952 540 1993 quos
556 1942 594 1980 trac
605 1941 627 1979 iu
641 1938 754 1980 Academia

65 2037 110 2090 deqi
129 2050 203 2087 aumas,
221 2041 384 2092 praeceptorem,
406 2039 454 2092 quia
474 2039 535 2080 etiam
554 2041 641 2080 amicum
665 2053 695 2080 me
717 2041 753 2081 lsa-

66 2138 142 2191 laisse,
163 2153 287 2193 saurmopere
306 2141 391 2203 qaudeo
423 2140 543 2182 Literuram
569 2141 714 2191 Orieutaliam,
732 2143 754 2183 ia

65 2239 136 2294 quibas
153 2239 244 2289 liabitas,
266 2241 375 2281 oederueuti
396 2254 463 2281 artiore
483 2254 513 2281 me
527 2241 627 2293 irrubuisti,
642 2256 711 2299 meque
727 2244 755 2285 ad

65 2353 99 2381 eus
113 2341 258 2396 coquosceadas
268 2343 346 2397 eqreqie
361 2342 463 2384 adiuvisti.
497 2343 625 2399 Quamquam
637 2345 754 2399 [llieoloqiae

65 2454 95 2481 irie
114 2440 193 2493 dicaui,
213 2446 289 2493 tamea,
309 2447 331 2484 ut
354 2444 418 2485 [licam
434 2444 578 2486 iustitutiouem
594 2459 671 2500 semper
686 2460 754 2489 recor-

65 2544 113 2593 der,
128 2543 227 2585 caberrimi
237 2547 322 2600 efficiam
332 2547 429 2601 frucctas)
441 2561 489 2601 quos
500 2548 546 2589 iude
554 2550 638 2603 percepi
654 2553 673 2590 et
684 2553 755 2604 postea

62 2650 195 2700 perceptamus
218 2659 267 2688 sum.
306 2649 350 2690 Nec
372 2662 414 2690 meo
436 2650 457 2689 iu
481 2651 547 2692 auimo
568 2651 689 2702 maltorum,
705 2666 755 2707 quae

64 2747 87 2787 iu
107 2762 138 2789 rue
159 2749 269 2799 contulisti,
292 2750 441 2806 beneficiariam,
463 2753 560 2794 irremoriu
579 2768 668 2809 rcuquam
688 2753 756 2796 ollito-
