<?xml version="1.0" encoding="UTF-8"?>
<!DOCTYPE html PUBLIC "-//W3C//DTD XHTML 1.0 Transitional//EN"
    "http://www.w3.org/TR/xhtml1/DTD/xhtml1-transitional.dtd">
<html xmlns="http://www.w3.org/1999/xhtml" xml:lang="en" lang="en">
 <head>
  <title>
</title>
<meta http-equiv="Content-Type" content="text/html;charset=utf-8" />
  <meta name='ocr-system' content='tesseract 3.04.00' />
  <meta name='ocr-capabilities' content='ocr_page ocr_carea ocr_par ocr_line ocrx_word'/>
</head>
<body>
  <div class='ocr_page' id='page_1' title='image "./MN41960ucmf_0_0115.png"; bbox 0 0 1818 3289; ppageno 0'>
   <div class='ocr_carea' id='block_1_1' title="bbox 371 176 484 229">
    <p class='ocr_par' dir='ltr' id='par_1_1' title="bbox 371 176 484 229">
     <span class='ocr_line' id='line_1_1' title="bbox 371 176 484 229; baseline 0 -11"><span class='ocrx_word' id='word_1_1' title='bbox 371 215 373 218; x_wconf 81' lang='grc'>,</span> <span class='ocrx_word' id='word_1_2' title='bbox 439 176 484 229; x_wconf 42' lang='grc'>77,</span> 
     </span>
    </p>
   </div>
   <div class='ocr_carea' id='block_1_2' title="bbox 78 337 862 1007">
    <p class='ocr_par' dir='ltr' id='par_1_2' title="bbox 78 337 862 1007">
     <span class='ocr_line' id='line_1_2' title="bbox 113 337 796 395; baseline -0.006 -12"><span class='ocrx_word' id='word_1_3' title='bbox 113 337 211 384; x_wconf 83' lang='lat' dir='ltr'>homines</span> <span class='ocrx_word' id='word_1_4' title='bbox 235 355 297 383; x_wconf 77' lang='lat' dir='ltr'>reson</span> <span class='ocrx_word' id='word_1_5' title='bbox 318 355 417 384; x_wconf 78' lang='lat' dir='ltr'>veracem</span> <span class='ocrx_word' id='word_1_6' title='bbox 440 338 507 382; x_wconf 86' lang='lat' dir='ltr'>fuisse</span> <span class='ocrx_word' id='word_1_7' title='bbox 530 341 641 395; x_wconf 72' lang='lat' dir='ltr'>negarent.</span> <span class='ocrx_word' id='word_1_8' title='bbox 678 337 796 393; x_wconf 70' lang='lat' dir='ltr'>Propterea</span> 
     </span>
     <span class='ocr_line' id='line_1_3' title="bbox 78 427 797 499; baseline -0.007 -15"><span class='ocrx_word' id='word_1_9' title='bbox 78 427 80 430; x_wconf 41' lang='lat'>.</span> <span class='ocrx_word' id='word_1_10' title='bbox 113 442 160 498; x_wconf 90' lang='lat' dir='ltr'>ipsa</span> <span class='ocrx_word' id='word_1_11' title='bbox 183 442 284 499; x_wconf 76' lang='lat' dir='ltr'>Magistri</span> <span class='ocrx_word' id='word_1_12' title='bbox 305 442 339 485; x_wconf 89' lang='lat' dir='ltr'>sui</span> <span class='ocrx_word' id='word_1_13' title='bbox 363 440 428 485; x_wconf 82' lang='lat' dir='ltr'>rerba</span> <span class='ocrx_word' id='word_1_14' title='bbox 453 439 539 490; x_wconf 78' lang='lat' dir='ltr'>attufit,</span> <span class='ocrx_word' id='word_1_15' title='bbox 559 443 584 481; x_wconf 87' lang='lat' dir='ltr'>ut</span> <span class='ocrx_word' id='word_1_16' title='bbox 602 437 711 489; x_wconf 79' lang='lat' dir='ltr'>viderent,</span> <span class='ocrx_word' id='word_1_17' title='bbox 730 450 797 495; x_wconf 86' lang='lat' dir='ltr'>quam</span> 
     </span>
     <span class='ocr_line' id='line_1_4' title="bbox 112 529 796 598; baseline -0.007 -13"><span class='ocrx_word' id='word_1_18' title='bbox 112 543 208 587; x_wconf 83' lang='lat' dir='ltr'>alienum</span> <span class='ocrx_word' id='word_1_19' title='bbox 229 545 254 587; x_wconf 89' lang='lat' dir='ltr'>in</span> <span class='ocrx_word' id='word_1_20' title='bbox 274 559 361 587; x_wconf 85' lang='lat' dir='ltr'>sensum</span> <span class='ocrx_word' id='word_1_21' title='bbox 381 543 407 585; x_wconf 86' lang='lat' dir='ltr'>ab</span> <span class='ocrx_word' id='word_1_22' title='bbox 425 541 531 598; x_wconf 85' lang='lat' dir='ltr'>imperitis</span> <span class='ocrx_word' id='word_1_23' title='bbox 550 543 728 596; x_wconf 78' lang='lat' dir='ltr'>perverterentur.</span> <span class='ocrx_word' id='word_1_24' title='bbox 760 529 796 581; x_wconf 84' lang='lat' dir='ltr'>Sic</span> 
     </span>
     <span class='ocr_line' id='line_1_5' title="bbox 113 641 855 700; baseline -0.009 -13"><span class='ocrx_word' id='word_1_25' title='bbox 113 643 171 687; x_wconf 89' lang='lat' dir='ltr'>enim</span> <span class='ocrx_word' id='word_1_26' title='bbox 195 644 304 700; x_wconf 87' lang='lat' dir='ltr'>loquendo</span> <span class='ocrx_word' id='word_1_27' title='bbox 327 659 383 687; x_wconf 80' lang='lat' dir='ltr'>rusus</span> <span class='ocrx_word' id='word_1_28' title='bbox 401 643 458 685; x_wconf 82' lang='lat' dir='ltr'>nihil</span> <span class='ocrx_word' id='word_1_29' title='bbox 475 641 584 693; x_wconf 72' lang='lat' dir='ltr'>definivit,</span> <span class='ocrx_word' id='word_1_30' title='bbox 605 641 643 684; x_wconf 86' lang='lat' dir='ltr'>sed</span> <span class='ocrx_word' id='word_1_31' title='bbox 661 642 732 683; x_wconf 71' lang='lat' dir='ltr'>surrent</span> <span class='ocrx_word' id='word_1_32' title='bbox 748 642 797 682; x_wconf 86' lang='lat' dir='ltr'>tan-</span> <span class='ocrx_word' id='word_1_33' title='bbox 853 672 855 679; x_wconf 94' lang='lat'>.</span> 
     </span>
     <span class='ocr_line' id='line_1_6' title="bbox 111 741 797 803; baseline -0.007 -16"><span class='ocrx_word' id='word_1_34' title='bbox 111 747 159 786; x_wconf 87' lang='lat' dir='ltr'>turn</span> <span class='ocrx_word' id='word_1_35' title='bbox 185 759 208 787; x_wconf 90' lang='lat' dir='ltr'>se</span> <span class='ocrx_word' id='word_1_36' title='bbox 231 744 299 795; x_wconf 75' lang='lat' dir='ltr'>reite,</span> <span class='ocrx_word' id='word_1_37' title='bbox 319 747 345 786; x_wconf 85' lang='lat' dir='ltr'>nt</span> <span class='ocrx_word' id='word_1_38' title='bbox 368 757 472 786; x_wconf 71' lang='lat' dir='ltr'>renarras</span> <span class='ocrx_word' id='word_1_39' title='bbox 495 743 536 786; x_wconf 84' lang='lat' dir='ltr'>hac</span> <span class='ocrx_word' id='word_1_40' title='bbox 559 743 584 784; x_wconf 88' lang='lat' dir='ltr'>in</span> <span class='ocrx_word' id='word_1_41' title='bbox 611 742 655 785; x_wconf 83' lang='lat' dir='ltr'>vita</span> <span class='ocrx_word' id='word_1_42' title='bbox 680 741 797 803; x_wconf 84' lang='lat' dir='ltr'>adventurn</span> 
     </span>
     <span class='ocr_line' id='line_1_7' title="bbox 112 829 797 901; baseline -0.003 -14"><span class='ocrx_word' id='word_1_43' title='bbox 112 860 177 887; x_wconf 87' lang='lat' dir='ltr'>suum</span> <span class='ocrx_word' id='word_1_44' title='bbox 199 845 339 901; x_wconf 83' lang='lat' dir='ltr'>opperiretur.</span> <span class='ocrx_word' id='word_1_45' title='bbox 369 846 448 901; x_wconf 82' lang='lat' dir='ltr'>Neque</span> <span class='ocrx_word' id='word_1_46' title='bbox 470 845 508 888; x_wconf 76' lang='lat' dir='ltr'>ine</span> <span class='ocrx_word' id='word_1_47' title='bbox 530 829 622 900; x_wconf 22' lang='lat' dir='ltr'>aliquid*</span> <span class='ocrx_word' id='word_1_48' title='bbox 638 843 727 887; x_wconf 86' lang='lat' dir='ltr'>definire</span> <span class='ocrx_word' id='word_1_49' title='bbox 747 846 797 900; x_wconf 89' lang='lat' dir='ltr'>pot-</span> 
     </span>
     <span class='ocr_line' id='line_1_8' title="bbox 111 943 862 1007; baseline -0.001 -21"><span class='ocrx_word' id='word_1_50' title='bbox 111 944 157 996; x_wconf 86' lang='lat' dir='ltr'>uit,</span> <span class='ocrx_word' id='word_1_51' title='bbox 181 945 231 1001; x_wconf 88' lang='lat' dir='ltr'>quia</span> <span class='ocrx_word' id='word_1_52' title='bbox 255 945 419 1003; x_wconf 84' lang='lat' dir='ltr'>intempestivae</span> <span class='ocrx_word' id='word_1_53' title='bbox 443 961 506 988; x_wconf 76' lang='lat' dir='ltr'>ruam</span> <span class='ocrx_word' id='word_1_54' title='bbox 528 945 649 988; x_wconf 80' lang='lat' dir='ltr'>curiositati</span> <span class='ocrx_word' id='word_1_55' title='bbox 673 943 797 987; x_wconf 78' lang='lat' dir='ltr'>satisfacere</span> <span class='ocrx_word' id='word_1_56' title='bbox 813 956 833 1007; x_wconf 74' lang='grc' dir='ltr'> </span> <span class='ocrx_word' id='word_1_57' title='bbox 860 955 862 957; x_wconf 80' lang='grc'><strong>’</strong></span> 
     </span>
    </p>
   </div>
   <div class='ocr_carea' id='block_1_3' title="bbox 111 1044 206 1088">
    <p class='ocr_par' dir='ltr' id='par_1_3' title="bbox 111 1044 206 1088">
     <span class='ocr_line' id='line_1_9' title="bbox 111 1044 206 1088; baseline -0.011 -2"><span class='ocrx_word' id='word_1_58' title='bbox 111 1044 206 1088; x_wconf 85' lang='lat' dir='ltr'>nolebat.</span> 
     </span>
    </p>
   </div>
   <div class='ocr_carea' id='block_1_4' title="bbox 53 1246 798 2117">
    <p class='ocr_par' dir='ltr' id='par_1_4' title="bbox 53 1246 798 2117">
     <span class='ocr_line' id='line_1_10' title="bbox 141 1246 796 1303; baseline 0 -14"><span class='ocrx_word' id='word_1_59' title='bbox 141 1246 191 1289; x_wconf 87' lang='lat' dir='ltr'>Iam</span> <span class='ocrx_word' id='word_1_60' title='bbox 213 1247 326 1303; x_wconf 88' lang='lat' dir='ltr'>utriusque</span> <span class='ocrx_word' id='word_1_61' title='bbox 347 1246 413 1303; x_wconf 84' lang='lat' dir='ltr'>partis</span> <span class='ocrx_word' id='word_1_62' title='bbox 435 1246 567 1302; x_wconf 78' lang='lat' dir='ltr'>argumentis</span> <span class='ocrx_word' id='word_1_63' title='bbox 588 1246 725 1303; x_wconf 83' lang='lat' dir='ltr'>ponderatis,</span> <span class='ocrx_word' id='word_1_64' title='bbox 744 1246 796 1303; x_wconf 83' lang='lat' dir='ltr'>Cap.</span> 
     </span>
     <span class='ocr_line' id='line_1_11' title="bbox 111 1339 796 1391; baseline 0.003 -3"><span class='ocrx_word' id='word_1_65' title='bbox 111 1346 174 1389; x_wconf 86' lang='lat' dir='ltr'>XXI.</span> <span class='ocrx_word' id='word_1_66' title='bbox 192 1348 266 1389; x_wconf 77' lang='lat'>1-23</span> <span class='ocrx_word' id='word_1_67' title='bbox 286 1361 377 1390; x_wconf 79' lang='grc'>1011111111</span> <span class='ocrx_word' id='word_1_68' title='bbox 395 1347 478 1391; x_wconf 84' lang='lat' dir='ltr'>auctori</span> <span class='ocrx_word' id='word_1_69' title='bbox 493 1339 633 1390; x_wconf 85' lang='lat' dir='ltr'>tribuendum</span> <span class='ocrx_word' id='word_1_70' title='bbox 651 1363 697 1391; x_wconf 88' lang='lat' dir='ltr'>esse</span> <span class='ocrx_word' id='word_1_71' title='bbox 712 1362 796 1391; x_wconf 87' lang='lat' dir='ltr'>censeo.</span> 
     </span>
     <span class='ocr_line' id='line_1_12' title="bbox 112 1447 797 1515; baseline 0.003 -26"><span class='ocrx_word' id='word_1_72' title='bbox 112 1448 164 1490; x_wconf 89' lang='lat' dir='ltr'>Una</span> <span class='ocrx_word' id='word_1_73' title='bbox 183 1451 280 1504; x_wconf 86' lang='lat' dir='ltr'>superest</span> <span class='ocrx_word' id='word_1_74' title='bbox 299 1448 409 1504; x_wconf 81' lang='lat' dir='ltr'>quaestio,</span> <span class='ocrx_word' id='word_1_75' title='bbox 426 1448 529 1503; x_wconf 83' lang='lat' dir='ltr'>quidnam</span> <span class='ocrx_word' id='word_1_76' title='bbox 546 1447 572 1491; x_wconf 86' lang='lat' dir='ltr'>de</span> <span class='ocrx_word' id='word_1_77' title='bbox 588 1463 614 1515; x_wconf 76' lang='lat' dir='ltr'>v.</span> <span class='ocrx_word' id='word_1_78' title='bbox 628 1450 658 1508; x_wconf 63' lang='lat'>24</span> <span class='ocrx_word' id='word_1_79' title='bbox 673 1453 695 1491; x_wconf 89' lang='lat' dir='ltr'>et</span> <span class='ocrx_word' id='word_1_80' title='bbox 710 1451 738 1490; x_wconf 76' lang='lat'>25</span> <span class='ocrx_word' id='word_1_81' title='bbox 754 1451 797 1491; x_wconf 89' lang='lat' dir='ltr'>sta-</span> 
     </span>
     <span class='ocr_line' id='line_1_13' title="bbox 74 1531 798 1604; baseline 0 -14"><span class='ocrx_word' id='word_1_82' title='bbox 74 1531 76 1536; x_wconf 20' lang='lat'>*</span> <span class='ocrx_word' id='word_1_83' title='bbox 111 1552 173 1591; x_wconf 85' lang='lat' dir='ltr'>tuere</span> <span class='ocrx_word' id='word_1_84' title='bbox 194 1547 316 1591; x_wconf 77' lang='lat' dir='ltr'>debeamus.</span> <span class='ocrx_word' id='word_1_85' title='bbox 348 1547 431 1603; x_wconf 86' lang='lat' dir='ltr'>Utique</span> <span class='ocrx_word' id='word_1_86' title='bbox 454 1548 514 1591; x_wconf 83' lang='lat' dir='ltr'>haud</span> <span class='ocrx_word' id='word_1_87' title='bbox 528 1548 566 1593; x_wconf 70' lang='lat' dir='ltr'>,ita</span> <span class='ocrx_word' id='word_1_88' title='bbox 588 1549 653 1591; x_wconf 76' lang='lat' dir='ltr'>multi</span> <span class='ocrx_word' id='word_1_89' title='bbox 675 1552 738 1600; x_wconf 89' lang='lat' dir='ltr'>sunt,</span> <span class='ocrx_word' id='word_1_90' title='bbox 760 1549 798 1604; x_wconf 88' lang='lat' dir='ltr'>qui</span> 
     </span>
     <span class='ocr_line' id='line_1_14' title="bbox 113 1649 797 1711; baseline 0.001 -19"><span class='ocrx_word' id='word_1_91' title='bbox 113 1664 149 1693; x_wconf 89' lang='lat' dir='ltr'>eos</span> <span class='ocrx_word' id='word_1_92' title='bbox 170 1665 183 1692; x_wconf 87' lang='lat' dir='ltr'>a</span> <span class='ocrx_word' id='word_1_93' title='bbox 203 1664 297 1692; x_wconf 78' lang='lat' dir='ltr'>romare</span> <span class='ocrx_word' id='word_1_94' title='bbox 319 1650 427 1706; x_wconf 83' lang='lat' dir='ltr'>profectos</span> <span class='ocrx_word' id='word_1_95' title='bbox 450 1664 496 1692; x_wconf 89' lang='lat' dir='ltr'>esse</span> <span class='ocrx_word' id='word_1_96' title='bbox 517 1649 606 1692; x_wconf 81' lang='lat' dir='ltr'>credant</span> <span class='ocrx_word' id='word_1_97' title='bbox 627 1651 654 1707; x_wconf 81' lang='lat'>¹).</span> <span class='ocrx_word' id='word_1_98' title='bbox 690 1650 720 1692; x_wconf 83' lang='lat' dir='ltr'>Et</span> <span class='ocrx_word' id='word_1_99' title='bbox 746 1664 797 1711; x_wconf 84' lang='lat' dir='ltr'>sane</span> 
     </span>
     <span class='ocr_line' id='line_1_15' title="bbox 111 1749 796 1807; baseline 0.003 -16"><span class='ocrx_word' id='word_1_100' title='bbox 111 1764 157 1791; x_wconf 90' lang='lat' dir='ltr'>non</span> <span class='ocrx_word' id='word_1_101' title='bbox 175 1763 244 1805; x_wconf 87' lang='lat' dir='ltr'>pauca</span> <span class='ocrx_word' id='word_1_102' title='bbox 266 1764 344 1792; x_wconf 91' lang='lat' dir='ltr'>manus</span> <span class='ocrx_word' id='word_1_103' title='bbox 367 1749 450 1792; x_wconf 85' lang='lat' dir='ltr'>alienae</span> <span class='ocrx_word' id='word_1_104' title='bbox 473 1750 564 1806; x_wconf 81' lang='lat' dir='ltr'>vestigia</span> <span class='ocrx_word' id='word_1_105' title='bbox 586 1750 610 1791; x_wconf 91' lang='lat' dir='ltr'>in</span> <span class='ocrx_word' id='word_1_106' title='bbox 633 1750 659 1792; x_wconf 86' lang='lat' dir='ltr'>iis</span> <span class='ocrx_word' id='word_1_107' title='bbox 685 1754 796 1807; x_wconf 86' lang='lat' dir='ltr'>apparent.</span> 
     </span>
     <span class='ocr_line' id='line_1_16' title="bbox 108 1849 798 1909; baseline 0.007 -19"><span class='ocrx_word' id='word_1_108' title='bbox 108 1849 210 1892; x_wconf 82' lang='lat' dir='ltr'>Primum</span> <span class='ocrx_word' id='word_1_109' title='bbox 222 1849 246 1891; x_wconf 89' lang='lat' dir='ltr'>in</span> <span class='ocrx_word' id='word_1_110' title='bbox 258 1849 385 1892; x_wconf 85' lang='lat' dir='ltr'>memoriam</span> <span class='ocrx_word' id='word_1_111' title='bbox 396 1854 519 1902; x_wconf 55' lang='lat' dir='ltr'>revocetun</span> <span class='ocrx_word' id='word_1_112' title='bbox 528 1865 641 1894; x_wconf 77' lang='lat' dir='ltr'>ronrrnnn</span> <span class='ocrx_word' id='word_1_113' title='bbox 651 1851 678 1893; x_wconf 91' lang='lat' dir='ltr'>de</span> <span class='ocrx_word' id='word_1_114' title='bbox 691 1866 714 1894; x_wconf 89' lang='lat' dir='ltr'>se</span> <span class='ocrx_word' id='word_1_115' title='bbox 724 1852 798 1909; x_wconf 88' lang='lat' dir='ltr'>ipsum</span> 
     </span>
     <span class='ocr_line' id='line_1_17' title="bbox 110 1950 796 2007; baseline 0.004 -15"><span class='ocrx_word' id='word_1_116' title='bbox 110 1950 135 1992; x_wconf 87' lang='lat' dir='ltr'>in</span> <span class='ocrx_word' id='word_1_117' title='bbox 149 1950 226 2001; x_wconf 81' lang='lat' dir='ltr'>tertia,</span> <span class='ocrx_word' id='word_1_118' title='bbox 240 1964 286 1992; x_wconf 87' lang='lat' dir='ltr'>non</span> <span class='ocrx_word' id='word_1_119' title='bbox 298 1964 349 1992; x_wconf 83' lang='lat' dir='ltr'>vero</span> <span class='ocrx_word' id='word_1_120' title='bbox 366 1950 390 1991; x_wconf 86' lang='lat' dir='ltr'>in</span> <span class='ocrx_word' id='word_1_121' title='bbox 400 1950 470 2006; x_wconf 86' lang='lat' dir='ltr'>prima</span> <span class='ocrx_word' id='word_1_122' title='bbox 479 1951 588 2003; x_wconf 85' lang='lat' dir='ltr'>Persona,</span> <span class='ocrx_word' id='word_1_123' title='bbox 604 1952 649 1994; x_wconf 79' lang='lat' dir='ltr'>sive</span> <span class='ocrx_word' id='word_1_124' title='bbox 663 1952 796 2007; x_wconf 70' lang='lat' dir='ltr'>Singularis,</span> 
     </span>
     <span class='ocr_line' id='line_1_18' title="bbox 53 2025 797 2117; baseline 0.005 -25"><span class='ocrx_word' id='word_1_125' title='bbox 53 2113 55 2117; x_wconf 21' lang='grc' dir='ltr'>ι</span> <span class='ocrx_word' id='word_1_126' title='bbox 111 2050 155 2095; x_wconf 86' lang='lat' dir='ltr'>sive</span> <span class='ocrx_word' id='word_1_127' title='bbox 173 2025 266 2094; x_wconf 79' lang='lat' dir='ltr'>Pluraiis</span> <span class='ocrx_word' id='word_1_128' title='bbox 282 2051 388 2103; x_wconf 85' lang='lat' dir='ltr'>Numeri,</span> <span class='ocrx_word' id='word_1_129' title='bbox 403 2051 465 2108; x_wconf 83' lang='lat' dir='ltr'>ioqui</span> <span class='ocrx_word' id='word_1_130' title='bbox 481 2052 556 2096; x_wconf 86' lang='lat' dir='ltr'>solere.</span> <span class='ocrx_word' id='word_1_131' title='bbox 588 2053 637 2096; x_wconf 87' lang='lat' dir='ltr'>Hac</span> <span class='ocrx_word' id='word_1_132' title='bbox 655 2053 722 2109; x_wconf 83' lang='lat' dir='ltr'>igitur</span> <span class='ocrx_word' id='word_1_133' title='bbox 741 2053 797 2096; x_wconf 82' lang='lat' dir='ltr'>diffi-</span> 
     </span>
    </p>
   </div>
   <div class='ocr_carea' id='block_1_5' title="bbox 111 2152 796 2210">
    <p class='ocr_par' dir='ltr' id='par_1_5' title="bbox 111 2152 796 2210">
     <span class='ocr_line' id='line_1_19' title="bbox 111 2152 796 2210; baseline 0.004 -14"><span class='ocrx_word' id='word_1_134' title='bbox 111 2153 192 2197; x_wconf 84' lang='lat' dir='ltr'>cultate</span> <span class='ocrx_word' id='word_1_135' title='bbox 215 2158 343 2210; x_wconf 88' lang='lat' dir='ltr'>premuntur</span> <span class='ocrx_word' id='word_1_136' title='bbox 365 2153 430 2197; x_wconf 83' lang='lat' dir='ltr'>verba</span> <span class='ocrx_word' id='word_1_137' title='bbox 457 2153 555 2207; x_wconf 62' lang='grc' dir='ltr'>οἴδαμεν,</span> <span class='ocrx_word' id='word_1_138' title='bbox 580 2170 600 2198; x_wconf 79' lang='lat' dir='ltr'>v.</span> <span class='ocrx_word' id='word_1_139' title='bbox 622 2156 663 2207; x_wconf 73' lang='lat'>24,</span> <span class='ocrx_word' id='word_1_140' title='bbox 687 2158 709 2198; x_wconf 90' lang='lat' dir='ltr'>et</span> <span class='ocrx_word' id='word_1_141' title='bbox 724 2152 796 2208; x_wconf 69' lang='lat' dir='ltr'>cinai,</span> 
     </span>
    </p>
   </div>
   <div class='ocr_carea' id='block_1_6' title="bbox 120 2306 299 2316">
    <p class='ocr_par' dir='ltr' id='par_1_6' title="bbox 120 2306 299 2316">
     <span class='ocr_line' id='line_1_20' title="bbox 120 2306 299 2316; baseline 0.006 -1"><span class='ocrx_word' id='word_1_142' title='bbox 120 2306 299 2316; x_wconf 59' lang='lat'><em>..-¹..——-..-..</em></span> 
     </span>
    </p>
   </div>
   <div class='ocr_carea' id='block_1_7' title="bbox 103 2420 796 2704">
    <p class='ocr_par' dir='ltr' id='par_1_7' title="bbox 103 2420 796 2704">
     <span class='ocr_line' id='line_1_21' title="bbox 103 2420 796 2471; baseline 0.009 -17"><span class='ocrx_word' id='word_1_143' title='bbox 103 2429 105 2432; x_wconf 59' lang='lat'><strong>⁴</strong></span> <span class='ocrx_word' id='word_1_144' title='bbox 135 2420 149 2466; x_wconf 87' lang='lat'>1)</span> <span class='ocrx_word' id='word_1_145' title='bbox 160 2422 230 2456; x_wconf 67' lang='lat' dir='ltr'>Lanos.</span> <span class='ocrx_word' id='word_1_146' title='bbox 244 2422 297 2456; x_wconf 73' lang='lat' dir='ltr'>Leaen</span> <span class='ocrx_word' id='word_1_147' title='bbox 312 2422 360 2456; x_wconf 81' lang='lat' dir='ltr'>Jesa</span> <span class='ocrx_word' id='word_1_148' title='bbox 379 2432 464 2457; x_wconf 75' lang='lat' dir='ltr'>warram.</span> <span class='ocrx_word' id='word_1_149' title='bbox 484 2420 508 2455; x_wconf 77' lang='lat' dir='ltr'>St.</span> <span class='ocrx_word' id='word_1_150' title='bbox 525 2433 540 2455; x_wconf 85' lang='lat' dir='ltr'>a.</span> <span class='ocrx_word' id='word_1_151' title='bbox 558 2420 604 2455; x_wconf 73' lang='lat' dir='ltr'>ura.</span> <span class='ocrx_word' id='word_1_152' title='bbox 619 2425 667 2455; x_wconf 76' lang='lat'>1849.</span> <span class='ocrx_word' id='word_1_153' title='bbox 680 2434 696 2466; x_wconf 88' lang='lat' dir='ltr'>p.</span> <span class='ocrx_word' id='word_1_154' title='bbox 712 2428 745 2459; x_wconf 75' lang='lat'>597</span> <span class='ocrx_word' id='word_1_155' title='bbox 760 2437 796 2471; x_wconf 85' lang='lat' dir='ltr'>sqq.</span> 
     </span>
     <span class='ocr_line' id='line_1_22' title="bbox 112 2472 796 2529; baseline 0.012 -13"><span class='ocrx_word' id='word_1_156' title='bbox 112 2493 219 2517; x_wconf 68' lang='lat' dir='ltr'>muniamus</span> <span class='ocrx_word' id='word_1_157' title='bbox 235 2485 246 2517; x_wconf 86' lang='lat'>1.</span> <span class='ocrx_word' id='word_1_158' title='bbox 259 2496 273 2518; x_wconf 86' lang='lat' dir='ltr'>c.</span> <span class='ocrx_word' id='word_1_159' title='bbox 285 2496 302 2529; x_wconf 88' lang='lat' dir='ltr'>p.</span> <span class='ocrx_word' id='word_1_160' title='bbox 313 2489 349 2522; x_wconf 66' lang='grc'>,140</span> <span class='ocrx_word' id='word_1_161' title='bbox 363 2472 400 2529; x_wconf 72' lang='lat' dir='ltr'>sqq.</span> <span class='ocrx_word' id='word_1_162' title='bbox 430 2484 508 2518; x_wconf 75' lang='lat' dir='ltr'>Ceterum</span> <span class='ocrx_word' id='word_1_163' title='bbox 524 2486 566 2517; x_wconf 81' lang='lat' dir='ltr'>duos</span> <span class='ocrx_word' id='word_1_164' title='bbox 580 2482 631 2518; x_wconf 82' lang='lat' dir='ltr'>hosce</span> <span class='ocrx_word' id='word_1_165' title='bbox 646 2495 704 2519; x_wconf 85' lang='lat' dir='ltr'>versus</span> <span class='ocrx_word' id='word_1_166' title='bbox 721 2497 796 2523; x_wconf 73' lang='lat' dir='ltr'>ronmsn</span> 
     </span>
     <span class='ocr_line' id='line_1_23' title="bbox 111 2545 796 2594; baseline 0.009 -15"><span class='ocrx_word' id='word_1_167' title='bbox 111 2547 211 2580; x_wconf 81' lang='lat' dir='ltr'>abiudicavit</span> <span class='ocrx_word' id='word_1_168' title='bbox 233 2548 267 2580; x_wconf 87' lang='lat' dir='ltr'>iam</span> <span class='ocrx_word' id='word_1_169' title='bbox 290 2557 395 2581; x_wconf 81' lang='lat' dir='ltr'>rnnononns</span> <span class='ocrx_word' id='word_1_170' title='bbox 419 2545 546 2590; x_wconf 59' lang='lat' dir='ltr'>aroasianus.</span> <span class='ocrx_word' id='word_1_171' title='bbox 576 2547 610 2580; x_wconf 83' lang='lat' dir='ltr'>Eos</span> <span class='ocrx_word' id='word_1_172' title='bbox 629 2547 707 2583; x_wconf 80' lang='lat' dir='ltr'>universe</span> <span class='ocrx_word' id='word_1_173' title='bbox 724 2552 796 2594; x_wconf 81' lang='lat' dir='ltr'>antiquis</span> 
     </span>
     <span class='ocr_line' id='line_1_24' title="bbox 112 2608 795 2655; baseline 0.007 -13"><span class='ocrx_word' id='word_1_174' title='bbox 112 2610 163 2642; x_wconf 85' lang='lat' dir='ltr'>etiam</span> <span class='ocrx_word' id='word_1_175' title='bbox 180 2608 269 2643; x_wconf 84' lang='lat' dir='ltr'>offensioni</span> <span class='ocrx_word' id='word_1_176' title='bbox 287 2609 347 2650; x_wconf 80' lang='lat' dir='ltr'>fuisse,</span> <span class='ocrx_word' id='word_1_177' title='bbox 365 2610 399 2643; x_wconf 78' lang='lat' dir='ltr'>rid.</span> <span class='ocrx_word' id='word_1_178' title='bbox 416 2608 461 2652; x_wconf 84' lang='lat' dir='ltr'>apud</span> <span class='ocrx_word' id='word_1_179' title='bbox 480 2611 561 2644; x_wconf 75' lang='lat' dir='ltr'>nitemur</span> <span class='ocrx_word' id='word_1_180' title='bbox 578 2609 590 2642; x_wconf 75' lang='lat' dir='ltr'>i.</span> <span class='ocrx_word' id='word_1_181' title='bbox 608 2619 622 2641; x_wconf 88' lang='lat' dir='ltr'>c.</span> <span class='ocrx_word' id='word_1_182' title='bbox 641 2609 662 2642; x_wconf 84' lang='lat' dir='ltr'>T.</span> <span class='ocrx_word' id='word_1_183' title='bbox 680 2611 705 2645; x_wconf 83' lang='grc' dir='ltr'>Π.</span> <span class='ocrx_word' id='word_1_184' title='bbox 723 2622 738 2655; x_wconf 86' lang='lat' dir='ltr'>p.</span> <span class='ocrx_word' id='word_1_185' title='bbox 756 2615 795 2647; x_wconf 74' lang='lat'>824.</span> 
     </span>
     <span class='ocr_line' id='line_1_25' title="bbox 111 2671 180 2704; baseline 0 0"><span class='ocrx_word' id='word_1_186' title='bbox 111 2671 152 2704; x_wconf 82' lang='lat' dir='ltr'>Not.</span> <span class='ocrx_word' id='word_1_187' title='bbox 166 2675 180 2704; x_wconf 83' lang='lat'>1.</span> 
     </span>
    </p>
   </div>
   <div class='ocr_carea' id='block_1_8' title="bbox 0 0 914 3289">
    <p class='ocr_par' dir='ltr' id='par_1_8' title="bbox 0 0 914 3289">
     <span class='ocr_line' id='line_1_26' title="bbox 0 0 914 3289; baseline 0 0"><span class='ocrx_word' id='word_1_188' title='bbox 0 0 914 3289; x_wconf 95' lang='lat' dir='ltr'> </span> 
     </span>
    </p>
   </div>
  </div>
 </body>
</html>
