1818 3289
430 238 458 278 27

104 406 155 459 Cap.
166 403 220 445 VII.
236 406 260 455 1,
277 418 332 459 quae
349 404 376 447 de
391 403 498 446 industria
512 404 543 446 ibi
556 405 613 446 facta
627 406 672 455 est,
687 406 713 446 ut
726 418 787 460 prae-

103 509 214 562 pararetur
231 506 255 548 id
274 506 333 563 quod
347 510 423 549 auctor
441 505 526 548 tradere
540 504 616 556 vellet,
637 519 700 547 resurr
715 503 743 547 ad
755 504 787 546 fe-

102 611 161 650 stum
175 608 372 652 Tabernaculorum
389 606 542 650 celebrandum
560 606 585 648 in
602 606 708 648 Iudaeam
722 605 787 661 profi-

103 707 154 752 cisci
168 709 271 753 noluisse.

138 811 159 851 5.
189 808 263 851 Aliam
286 808 436 852 difficultatem
462 822 602 852 scnwnmnno
626 809 682 865 parit
707 823 726 851 v.
752 809 787 850 17.

103 910 163 952 Hinc
178 910 246 962 enim,
263 915 285 954 et
298 911 357 953 haud
369 911 415 954 sine
433 926 509 963 causa,
526 911 602 962 efficit,
620 910 735 966 discipulos
750 909 788 952 ad-

103 1015 192 1054 venturn
208 1026 254 1055 insu
269 1012 411 1069 praestolatos
430 1027 482 1055 esse.
514 1011 558 1055 Sed
574 1013 615 1055 hoo
632 1011 727 1066 intelligi
742 1025 788 1053 non

102 1128 164 1169 posse
189 1096 307 1165 asseverat,
333 1114 404 1158 aiens:
431 1113 560 1156 alterutrum
584 1112 703 1175 tenendum
729 1127 787 1155 esse:

102 1215 136 1257 vel
152 1229 225 1267 rrsuu,
241 1215 260 1265 si
275 1230 297 1257 se
315 1214 395 1257 diutius
407 1214 432 1257 in
448 1214 556 1257 Orientali
570 1214 635 1257 maris
649 1214 714 1256 litore
729 1228 788 1256 com-

101 1316 182 1359 morari
203 1316 259 1359 velle
278 1316 417 1367 declarasset,
440 1316 521 1359 frustra
542 1315 569 1358 ab
589 1316 616 1358 iis
641 1318 788 1371 exspectatum

102 1430 160 1468 esse3
180 1416 215 1458 rel
234 1431 298 1467 eum,
318 1416 337 1458 si
351 1416 383 1459 ibi
398 1430 510 1459 remanere
533 1416 648 1467 voluisset,
669 1417 719 1457 una
737 1430 787 1458 cinn

100 1515 144 1558 illis
165 1517 313 1572 profecturum
333 1517 406 1560 fuisse.
437 1518 468 1559 At
483 1518 567 1569 ononis,
585 1518 628 1559 nisi
647 1517 723 1568 fallor,
746 1517 787 1559 dif-

101 1618 185 1661 ficultas
204 1618 289 1661 tollitur
307 1619 425 1670 sumendo,
445 1634 519 1670 risun,
541 1619 666 1675 priusquam
689 1622 787 1661 montem

100 1720 159 1762 solus
183 1720 334 1771 adscenderet)
353 1720 461 1775 discipulis
479 1720 604 1771 mandasse,
624 1723 650 1762 ut
667 1719 695 1762 ad
709 1733 787 1762 narem

100 1818 196 1862 redirent
215 1835 318 1876 mareque
334 1821 470 1872 traiicerent3
491 1835 527 1863 eos
545 1836 597 1863 uero
613 1820 665 1863 lruic
682 1820 786 1863 mandato

100 1933 145 1961 non
163 1920 237 1963 statim
259 1920 391 1973 obedivisse,
410 1921 458 1973 sed,
477 1937 523 1963 insu
542 1920 676 1977 aliquamdiu
695 1921 787 1978 nequid-

100 2034 165 2075 quam
182 2025 314 2077 erspectatm
329 2022 369 2065 suh
381 2037 492 2079 vesperam
508 2023 595 2065 demum
613 2023 705 2066 abivisse
722 2026 748 2079 ¹).

121 2179 135 2225 1)
147 2181 217 2215 Prorsus
235 2183 320 2216 consentio
337 2192 376 2215 oum
392 2183 421 2221 iis,
439 2192 482 2225 quae
497 2190 631 2222 sonumznnus,
643 2182 655 2214 1,
664 2193 678 2215 c.
690 2193 707 2225 p.
720 2185 751 2221 93,
764 2183 786 2215 ad

98 2244 188 2277 vocabula:
202 2245 233 2277 καὶ
245 2244 314 2282 εὐθέως
325 2244 346 2277 τό
358 2243 422 2277 πλοῖον
433 2245 505 2286 ἐγένετο
515 2245 545 2276 ἐπὶ
556 2248 588 2288 τῆς
598 2247 629 2288 γῆς
636 2246 666 2288 (vs.
674 2245 702 2289 21)
712 2234 786 2285 notavitg

98 2306 128 2338 sed
139 2307 239 2349 applaudere
251 2317 316 2350 nequeo
329 2307 471 2349 interpretationi,
482 2317 534 2350 quarn
547 2307 606 2341 tribuit
617 2309 682 2342 uerbis:
694 2309 786 2352 θεωροῦσι

98 2369 131 2401 τὸν
141 2364 217 2412 Ἰησοῦν
228 2371 367 2416 περιπατοῦντα
379 2370 409 2403 ἐπὶ
420 2372 451 2413 τῆς
464 2369 559 2415 θαλάσσης
570 2370 592 2414 (v.
606 2370 643 2411 19),
655 2371 701 2413 qnod
709 2380 785 2404 memoro

97 2435 164 2464 tantum
175 2433 197 2464 ud
208 2434 339 2474 ostendendum,
355 2442 493 2474 SCHWEIZERUM,
506 2434 520 2466 si
530 2434 608 2475 probaret
619 2438 704 2466 auctorem
714 2433 785 2466 miracu·

98 2493 134 2526 lum
148 2503 215 2527 narrare
228 2496 310 2536 noluisse,
326 2506 374 2528 snam
385 2496 435 2539 ipsius
448 2505 516 2528 causum
528 2505 563 2528 esse
573 2497 715 2538 impugnatorum.
738 2496 785 2529 Nam

98 2556 122 2589 sic
134 2566 184 2599 agens
194 2562 280 2598 argueret,
289 2563 374 2597 auctorem
385 2559 436 2591 huius
447 2559 547 2591 narrat-ionis
555 2558 649 2601 Synopticis
660 2558 711 2601 plane
721 2564 784 2592 contra-

98 2619 168 2658 dixisse,
180 2620 221 2651 dum
236 2619 276 2652 alibi
292 2630 301 2652 e
317 2620 454 2663 Synoptieornm‚
466 2630 518 2663 qnam
527 2620 618 2653 nonnullos
628 2622 683 2664 quarti
694 2622 784 2663 Euangelii

98 2681 143 2726 locos
160 2681 229 2724 prodere
246 2682 341 2722 contendit,
354 2682 413 2715 eoloris
427 2683 520 2716 imitatione
532 2683 596 2724 arguit,
608 2683 639 2716 hos
656 2683 702 2717 locos
717 2683 783 2716 falsario

98 2743 164 2786 deberi,
176 2754 211 2777 non
222 2752 301 2777 rourum.
