1818 3289
452 242 480 282 39

122 407 175 448 euim
195 420 239 447 eum
258 407 380 462 proditurus
398 410 487 464 1111).
522 408 624 451 Ceterum
647 422 696 450 mea
719 405 807 462 quidem

122 507 241 559 sententia,
256 513 282 551 ut
296 524 323 551 ex
338 524 402 565 supra
421 508 483 550 dictis
503 493 614 564 perspicue
634 512 734 564 apparet,
751 523 806 550 msus

121 627 190 655 runnu
213 628 259 656 non
283 616 397 669 propterea
417 613 502 654 vocavit
523 608 632 662 diuiditur,
655 611 713 666 quod
734 611 758 652 in
781 626 807 654 en

120 714 164 756 iam
179 714 266 757 videbat
280 714 379 756 suanum
390 712 535 769 proditorem,
551 712 589 754 sed
607 712 665 767 quod
678 713 750 768 ipsum
761 727 807 754 non

120 814 217 857 latebant
225 813 283 855 111111
297 813 380 856 semina
393 813 418 855 in
429 813 501 856 animo
513 813 559 856 eius
574 812 706 856 abscondita.
725 813 806 856 Ioniu-

120 931 156 957 nus
174 929 225 957 vero
242 914 334 957 aiterum
351 913 378 957 ab
399 915 467 957 altero
486 914 558 956 minus
576 913 699 956 distinxisse
713 913 805 956 videtur.

119 1015 192 1058 Verba
212 1019 285 1058 autem
304 1012 332 1063 εἷς
351 1014 376 1057 ὢν
393 1016 415 1057 ἐκ
433 1019 472 1056 τῶν
489 1015 567 1057 aduena
582 1013 760 1071 praecedentibus
779 1029 804 1056 eo

119 1117 210 1158 consilio
231 1116 314 1159 adiecta
331 1121 397 1171 puto,
413 1119 439 1156 ut
458 1115 560 1156 facinoris
578 1115 670 1170 gravitas
689 1114 805 1158 lectoribus

119 1217 175 1260 clare
186 1221 237 1259 ante
252 1217 325 1259 oculos
336 1217 399 1259 foret.
430 1215 539 1258 Videlicet
550 1231 611 1257 insutu
623 1215 747 1272 proditurus
759 1220 805 1257 erat

119 1319 196 1370 homo,
212 1318 250 1374 qui
272 1319 300 1361 ad
319 1318 432 1360 duodecim
455 1317 571 1373 discipulos
595 1317 728 1373 pertinebat,
750 1331 804 1371 quos

117 1416 155 1459 ille
176 1431 227 1473 prae
247 1416 295 1459 aliis
315 1417 339 1459 in
362 1417 532 1461 familiaritatem
556 1432 618 1459 suam
638 1421 660 1460 et
685 1418 804 1462 amicitiam

118 1522 228 1573 receperat
236 1497 237 1501 Ἰ
244 1520 270 1573 2).

141 1702 155 1745 1}
166 1704 232 1735 Eodem
243 1705 292 1736 modo
304 1703 345 1746 Cap.
357 1704 400 1737 XII.
410 1704 429 1737 ⁴4.

140 1762 153 1807 2)
166 1765 191 1797 cf.
204 1764 253 1797 1111111.
266 1766 335 1799 XXVI.
352 1769 382 1806 14,
394 1768 422 1799 47.
433 1764 477 1799 utre.
484 1766 535 1799 XIV.
544 1770 574 1807 10,
585 1771 617 1807 20,
624 1770 651 1799 43.
658 1765 698 1799 Luc.
705 1766 767 1799 XXII.
774 1770 802 1801 47.

116 1825 152 1859 Ubi
161 1836 242 1866 THOMAS,
257 1826 297 1870 Cap.
314 1827 355 1860 XX.
371 1831 402 1867 24,
414 1828 474 1861 dIcitur
487 1826 513 1865 εἷς
526 1828 544 1860 ἐκ
559 1826 595 1861 τῶν
613 1826 697 1869 δώδεκα,
709 1829 804 1871 significare

116 1887 182 1921 videtur
195 1893 261 1928 auctor,
276 1898 362 1929 THOMAM,
378 1891 454 1933 quamvis
470 1891 492 1923 ad
507 1888 588 1922 duodecim
603 1891 690 1933 discipulos
702 1891 803 1934 pertineret,

116 1953 173 1983 tamen
185 1961 219 1983 non
231 1950 298 1985 affuisse
307 1952 325 1984 in
335 1952 419 1992 conclavi,
432 1953 493 1996 inquo
504 1953 579 1996 discipuli
588 1962 637 1994 insu,
649 1963 667 1986 1.
675 1956 702 1994 19,
714 1953 752 1987 coll.
761 1951 801 1986 Luc

117 2011 187 2046 XXIV.
200 2016 230 2052 33,
245 2014 342 2056 congregati
357 2019 417 2048 essent.
441 2015 482 2048 vit.
499 2016 550 2048 etiam
565 2024 673 2050 nuscanum·
684 2025 749 2049 mensu
763 2015 775 2048 1.
787 2026 801 2048 c.

117 2083 134 2116 p.
147 2076 163 2106 4.
175 2075 215 2109 Not.
230 2078 244 2107 l.
