1818 3237
414 203 442 243 22

88 380 154 420 quam
179 366 255 408 iudicii
275 367 415 422 exiguitatem
435 367 565 410 cernendam
585 367 685 423 praebet,
707 373 729 411 et
746 369 770 410 id

88 465 146 521 quod
165 481 271 509 PHILIPPUS
291 467 323 511 ibi
344 472 417 524 rogat,
438 484 451 510 a
469 471 590 518 ceterorum
606 482 692 524 quoque
709 467 772 511 disci-

87 568 190 625 pulorum
204 572 277 612 mente
292 585 338 613 non
352 570 448 613 alienum
461 570 504 613 fuit
521 573 547 628 1).

118 670 219 714 Alterum
237 686 310 715 versus
322 672 443 715 membrum
457 671 519 713 nulla
536 671 621 714 laborat
634 670 761 714 difficultate
765 688 772 723 5

88 787 139 814 nam
158 788 221 816 insun
240 777 303 816 antea
322 774 419 825 scisisse,
441 787 464 816 se
479 773 608 815 miraculum
624 775 772 829 patraturum,

88 888 134 916 non
148 878 181 917 est
197 875 256 930 quod
270 874 373 917 miremur
386 875 413 929 2),

118 977 185 1018 Nunc
203 980 277 1019 autem
293 975 361 1018 oritur
374 975 483 1031 quaestio,
499 974 563 1017 hicne
577 989 650 1017 versus
666 975 772 1029 genuinus

90 1055 119 1118 an
133 1077 217 1133 spurius
231 1077 260 1119 sit
266 1094 272 1129 3
287 1077 382 1133 pertinet
400 1077 458 1120 enim
470 1076 498 1119 ad
509 1076 629 1133 Pericopen
638 1077 676 1119 VI.
688 1077 773 1129 1—267

91 1192 146 1233 quae
163 1193 176 1219 a
191 1192 331 1222 scnwmzano
348 1192 439 1221 IOHANNI
456 1178 591 1222 abiudicatui
605 1180 631 1235 3).
658 1179 707 1221 Hoc
721 1192 772 1221 uero

90 1294 185 1334 quonam
204 1283 381 1334 argumentorum
407 1279 502 1336 pondere
529 1280 578 1331 fiat,
603 1294 680 1334 quum,
701 1278 773 1335 quoad

90 1380 190 1435 equidem
216 1381 273 1432 scio,
294 1381 344 1424 data
370 1396 434 1437 opera
459 1381 558 1424 nondum
579 1381 714 1438 exploratum
731 1382 772 1434 sit,

87 1481 152 1523 huius
169 1481 213 1523 loci
232 1485 265 1524 est
279 1481 416 1538 perpendere.

120 1581 141 1621 l.
172 1581 201 1622 ln
216 1595 236 1621 v.
256 1582 270 1621 2
288 1574 401 1623 inducias
418 1581 494 1636 iugens
519 1582 634 1624 hominum
654 1582 772 1625 multitudo

93 1679 165 1736 (ὄχλος
178 1679 253 1738 πολύς)
268 1675 331 1723 iason
343 1695 447 1738 sequens,
463 1682 566 1738 quoniam
580 1682 660 1725 multas
676 1683 774 1740 adspexit

89 1784 190 1826 miiificas
215 1783 337 1826 sanationes
366 1798 423 1834 naso,
448 1784 607 1840 Hierosolymis
629 1788 650 1827 et
668 1784 693 1827 in
708 1785 773 1828 huius

90 1884 150 1926 urbis
172 1884 251 1927 vicinia
273 1884 376 1940 degentis.
407 1884 456 1925 lam
478 1883 580 1927 credibile
596 1899 648 1927 sane
667 1899 713 1927 nou
729 1888 773 1936 est,

91 1986 166 2043 populi
184 1986 271 2029 timbam
284 2001 329 2028 una
348 2000 398 2027 cum
414 2000 459 2028 lusu
473 1986 618 2042 longinquum
635 1986 678 2029 iter
696 1986 775 2030 Hiero-

92 2088 179 2144 solymis
197 2088 222 2130 in
236 2088 348 2142 regionem
361 2091 421 2129 trans
434 2101 494 2130 mare
509 2086 634 2129 [tiberiades
650 2087 774 2147 suscepisse.

94 2189 137 2232 Sed
154 2189 207 2232 haec
227 2188 340 2231 difficultas
361 2188 409 2244 plus
428 2202 473 2229 una
489 2187 574 2230 ratione
593 2186 647 2229 solvi
664 2201 727 2243 posse
742 2186 774 2229 vi-

94 2291 163 2334 11111111.
194 2290 255 2333 Quid
273 2289 332 2333 enim
349 2289 451 2347 impedit,
473 2290 589 2345 quominus
611 2289 775 2333 multitudinem

92 2429 259 2438 ...———.-—..—-·

119 2527 132 2571 ¹)
144 2528 183 2561 Non
200 2528 223 2560 ait
241 2528 294 2570 ἀρκεῖ
307 2527 354 2567 ἐμοί,
367 2527 396 2559 scd
408 2525 461 2569 ἀρκεῖ
474 2525 527 2567 ἡμῖν,
540 2528 556 2557 et
567 2533 623 2565 nasus),
636 2536 651 2558 v.
665 2528 695 2566 11,
708 2523 777 2558 nanninus

95 2593 141 2624 dicit:
154 2590 251 2623 ustazades<-
263 2589 291 2622 ὅτι
302 2589 335 2631 ἐγὼ
347 2589 365 2621 ἐν
376 2589 401 2632 τῷ
412 2588 487 2633 Huzai,
500 2591 531 2620 cet.

118 2650 131 2694 2}
144 2652 169 2685 Cf.
182 2649 226 2683 nnc.
238 2652 261 2684 V.
274 2653 305 2689 so,
318 2653 345 2682 aa.
358 2648 393 2682 Ion.
406 2649 439 2683 XI.
453 2653 483 2689 11,
496 2652 527 2688 41,
540 2652 567 2681 42.

117 2712 129 2756 ⁵]
141 2714 162 2746 L.
175 2724 188 2746 c.
200 2724 216 2755 p.
230 2715 252 2745 80
264 2722 299 2754 sqq.
