1818 3237
444 214 471 253 18

151 378 233 420 Quaeri
246 381 317 433 potest
328 376 406 427 etiam,
421 391 458 419 cur
473 376 634 431 ror.XX.a1)
649 374 800 418 tantummodo

122 478 134 527 ἡ
156 479 229 532 γραφὴ
250 481 394 530 memoretur,
416 478 424 519 ὃ
444 476 506 529 λόγος
531 480 567 519 τοῦ
590 479 656 526 Ἰησοῦ
676 492 722 519 non
741 477 801 520 item.
857 527 858 530 Ἴ

121 577 221 621 Fortasse
237 578 279 620 hoc
296 578 447 636 psychotogice
459 578 491 621 ita
504 582 536 620 est
548 577 709 634 explicandum:
726 593 803 621 ronan*

124 694 160 720 rus
181 683 202 721 et
225 694 303 721 Parrus
325 681 422 735 sepulcro
451 680 559 723 adstantes
582 679 680 722 nondum
705 679 804 721 recordan

124 778 202 821 bantur
223 794 269 821 lusu
288 778 382 830 dictum,
401 779 439 821 sed
460 779 523 822 effata
545 784 631 822 tantum
647 780 729 822 Vatum
749 779 805 821 anti-

126 893 218 934 quorum
234 881 252 936 2)
258 897 265 931 5
280 884 355 936 postea
371 894 485 931 murnum,
500 895 567 935 quum
582 880 728 935 Euangeiium
743 894 806 921 suum

127 982 285 1034 conscribebat,
299 982 341 1025 sibi
353 981 520 1038 repraesentavit
535 996 569 1032 ea,
585 995 640 1036 quae
648 980 680 1022 ibi
689 983 806 1023 senserant.

128 1082 178 1125 Hoc
189 1086 210 1125 et
221 1082 408 1125 accommodatum
419 1086 452 1125 est
460 1082 542 1125 verbis:
557 1078 592 1124 dae
602 1078 635 1124 ab
646 1080 729 1134 testata,
741 1096 760 1123 v.
769 1082 807 1131 22,

129 1186 151 1224 θῖ
165 1183 267 1225 convenit
286 1198 336 1225 cum
355 1187 433 1226 natina
451 1183 579 1234 memoriae,
595 1197 649 1238 quae
667 1197 713 1224 non
731 1185 809 1223 cuncta

128 1283 205 1335 simul,
221 1283 259 1326 sed
274 1283 333 1325 aliud
348 1288 397 1339 post
412 1285 455 1326 alia
470 1288 567 1341 repetere
581 1284 647 1335 soret,
663 1288 685 1326 et
700 1298 809 1326 commen-

130 1382 193 1426 datur
209 1398 234 1426 eo
239 1416 247 1435 ‚
268 1385 326 1440 quod
341 1386 386 1427 veri
405 1385 475 1427 simile
496 1389 538 1436 est,
556 1384 620 1427 effata
633 1385 718 1428 Veteris
737 1386 811 1427 Testa-

130 1485 200 1527 menti
217 1485 276 1541 prius
295 1485 405 1541 discipulis
423 1486 448 1528 in
465 1489 562 1529 mentem
575 1485 670 1536 venisse,
686 1500 751 1541 quam
765 1499 811 1528 rer-

131 1586 185 1629 bum
199 1586 288 1641 aliquod
302 1601 359 1637 urso,
375 1590 426 1629 ante
441 1591 484 1629 tres
502 1586 548 1629 fere
565 1586 609 1628 iam
623 1601 691 1628 anuos
707 1586 811 1628 auditum.

163 1686 346 1742 Quandoquidem
368 1691 441 1729 autem
466 1686 595 1742 disputando
618 1687 642 1728 in
666 1687 813 1742 quaestionem

134 1787 161 1830 de
176 1788 241 1830 huius
253 1788 297 1830 ioci
311 1788 424 1831 authentia
440 1787 569 1839 incidimus,
582 1787 676 1830 breviter
692 1786 814 1839 videamus,

136 1887 254 1931 suadeatne
269 1888 342 1941 stitus,
357 1892 383 1930 ut
401 1903 491 1931 manum
506 1888 599 1932 atienam
614 1886 650 1930 htc
668 1902 815 1943 agnoscamus.
868 1931 871 1936 ,

136 1989 186 2031 Vox
208 1990 282 2037 ἐκεῖνος
304 1989 427 2045 saepissime
442 1990 500 2046 apud
515 2004 638 2041 rossanen,
656 1993 682 2031 ut
700 1989 817 2040 hocloco,

138 2090 163 2132 in
177 2091 241 2134 initio
262 2092 383 2135 sententiae
397 2093 468 2148 posita
483 2096 522 2136 est.
547 2093 581 2134 Cf.
596 2093 624 2134 V.
642 2093 677 2134 35.
696 2091 764 2134 VIII.
781 2092 818 2132 m.

140 2191 181 2233 IX.
194 2194 214 2233 9.
227 2192 254 2234 X.
266 2195 285 2234 6.
297 2192 338 2235 XI..
351 2195 386 2235 29.
400 2193 462 2237 XV]
479 2195 513 2236 14.
525 2194 568 2236 XX
577 2196 611 2236 15.
634 2193 736 2236 Forunuia
747 2191 818 2245 λέγειν

141 2290 189 2346 περί
203 2307 290 2348 quoque
303 2308 394 2337 ionium
409 2296 490 2338 usitata
505 2298 549 2348 est,
564 2300 590 2339 ut
602 2299 689 2352 apparet
705 2295 724 2337 Ι.
736 2297 770 2338 22.
779 2294 819 2336 ΙΧ.

143 2393 177 2434 17.
195 2391 236 2434 ΧΙ.
262 2395 296 2436 13.
320 2394 387 2437 XIII.
408 2398 435 2438 18
441 2428 448 2448 ,
470 2398 510 2447 22,
532 2399 567 2439 24.
603 2397 739 2440 Vocabulum
760 2400 821 2449 σῶμα

140 2544 315 2552 ..Ἀ-α...-

165 2646 178 2691 1]
191 2646 216 2680 Cf.
228 2650 297 2687 anona,
309 2648 331 2681 ad
342 2648 359 2680 h.
371 2648 383 2680 1.
396 2658 412 2690 p.
426 2650 458 2681 778
471 2658 506 2691 sqq.

166 2709 179 2754 2)
192 2709 217 2744 Of.
230 2719 244 2742 c.
257 2720 272 2751 g.
285 2707 322 2743 Act.
334 2710 358 2743 H.
372 2713 393 2742 24
405 2720 440 2752 sqq.
