1818 3237
423 200 451 240 34

98 368 119 406 et
131 364 300 406 familiaritatem
311 369 433 420 receperat,
449 365 562 420 praescivit
576 364 638 406 illurn
649 364 696 408 iore
710 365 779 408 homi-

97 480 147 508 nem
157 480 170 507 a
180 480 222 520 quo
234 464 360 521 proderetur
368 467 399 520 ¹),
409 465 456 507 iure
465 465 587 520 meritoque
597 465 718 520 quaeritur,
727 481 780 522 quo-

97 566 162 609 modo
179 581 228 609 eum
244 566 268 607 in
286 566 439 622 discipulorum
455 580 545 608 nurnero
565 565 659 608 retinere
677 567 779 621 potuerit.

99 667 233 724 Responderi
250 667 341 723 nequit,
365 682 428 710 msuu
447 667 487 709 riri
509 665 638 709 emendandi
660 680 720 721 spem
741 666 780 709 ha-

97 768 182 819 huisse,
197 783 252 810 narn
262 769 319 810 hanc
334 782 394 824 spem
411 768 500 810 omuino
518 767 612 810 excludit
626 766 716 809 scientia
733 766 778 809 illa.

97 868 220 919 Praeterea,
231 868 250 909 si
259 868 286 910 ab
295 868 359 910 initio
372 867 423 910 inde
436 867 498 910 scivit
508 882 573 919 rusus,
584 868 632 923 quis
641 867 713 922 ipsum
723 871 779 909 esset

97 968 221 1023 proditruus
226 1000 233 1020 ,
243 983 317 1011 nonne
326 969 439 1024 cognitum
450 968 470 1011 ei
484 973 530 1011 erat
539 969 605 1011 etiarn
615 969 706 1024 capitale
715 984 779 1011 1111111

97 1070 187 1121 vitium,
201 1070 305 1113 avaritia?
321 1071 350 1113 Et
365 1074 439 1114 tamen
448 1069 483 1113 hic
494 1071 541 1126 ipse
557 1074 599 1121 est,
615 1070 649 1112 cui
659 1070 780 1112 communis

97 1171 174 1213 aerarii
183 1185 257 1213 curam
270 1171 430 1215 demandaverit
437 1174 463 1228 2).
480 1172 539 1215 Quid
549 1187 598 1227 ergo
606 1172 658 1214 hiric
668 1171 780 1228 sequitur?

97 1270 161 1313 Iason
178 1270 219 1313 sibi
235 1274 257 1313 et
272 1285 336 1313 rursu
350 1272 460 1322 nocuisse,
476 1286 501 1314 eo
516 1275 564 1313 tum
578 1271 603 1312 in
615 1271 719 1314 societate
731 1286 780 1321 sua,

96 1375 144 1412 tum
155 1371 180 1412 in
191 1371 223 1414 rei
232 1371 368 1427 pecuniariae
380 1371 567 1414 administratione
576 1371 702 1423 retinendo,
713 1376 734 1414 et
743 1386 781 1427 per

96 1475 139 1514 tres
149 1472 194 1514 fere
205 1487 273 1515 annos
288 1472 400 1515 simulasse
414 1487 464 1527 erga
474 1487 523 1514 eum
533 1471 650 1514 amicitiam
661 1474 688 1528 3).
707 1472 781 1516 Notae

98 1576 150 1614 sunt
160 1571 202 1614 hae
216 1572 365 1624 difficultates,
382 1572 459 1627 quibus
469 1572 633 1627 Euangelistae,
649 1572 675 1615 ab
691 1572 780 1627 antiquo

97 1686 171 1728 pressa
179 1676 218 1724 est}
227 1673 348 1729 explicatio,
353 1672 394 1715 sed
402 1673 499 1716 nondmn
507 1673 590 1716 solutae
598 1676 656 1724 suut,
663 1688 703 1716 uec
710 1673 780 1723 facile,

91 1834 274 1842 μή*

119 1956 132 2002 ¹)
145 1959 193 1991 Bene
211 1958 303 1990 notandum
319 1961 352 1996 est,
370 1966 464 1989 rouamuu
482 1967 517 1989 non
533 1957 616 1999 scripsisse
631 1957 680 1994 τίνες
694 1957 741 1990 εἰσὶν
755 1958 779 2000 μὴ

96 2020 214 2058 πιστεύοντες
231 2021 262 2052 καὶ
278 2021 305 2056 τίς
320 2020 358 2051 ἐστι
373 2018 485 2062 παραδώσων
497 2018 564 2059 αὐτόν,
583 2019 612 2052 sed
624 2020 672 2052 alteri
683 2019 780 2053 Articulum

98 2083 124 2122 οἱ,
141 2083 188 2115 alteri
203 2081 212 2114 ὁ
227 2082 354 2124 interposuisse,
366 2092 399 2124 quo
411 2083 432 2114 de
442 2082 507 2114 dicendi
519 2091 580 2123 genere
591 2081 611 2113 ef.
623 2091 683 2114 unum.
696 2079 781 2114 Vindictae

98 2141 178 2183 Articuli,
185 2149 216 2177 cet.
224 2145 244 2177 T.
250 2144 265 2176 I.
271 2144 313 2177 Pars
321 2144 336 2176 Ι,
342 2155 358 2186 p.
368 2147 401 2176 240
408 2154 443 2186 sqq.
453 2152 533 2176 ursanus.
543 2142 571 2175 De
583 2141 671 2175 idiotismis
682 2143 781 2183 Hermann,

98 2216 114 2247 p.
125 2210 158 2239 342
170 2216 193 2249 sq.
203 2215 298 2240 rmrzsruu
308 2206 329 2238 ad
338 2204 384 2238 Rom.
395 2206 448 2239 VIII.
458 2210 485 2238 33.
495 2205 520 2239 cl.
531 2216 548 2238 v.
558 2215 631 2238 aurern
642 2206 664 2237 ad
670 2204 715 2238 Part.
721 2206 745 2238 II.
755 2209 780 2239 13.

120 2265 226 2312 41011111.
240 2268 319 2301 011111.
333 2272 360 2300 ae.

123 2328 136 2370 ⁵)
147 2332 213 2373 Nempe
226 2340 248 2363 cx
259 2330 328 2363 historia
337 2341 371 2363 nou
384 2334 460 2373 apparet,
472 2339 531 2363 11111111
542 2330 598 2373 aliqua
609 2330 627 2362 in
639 2339 657 2362 re
666 2329 725 2362 ceteris
736 2331 782 2364 disei-

99 2393 143 2433 pulis
158 2393 208 2425 fuisse
224 2393 339 2435 postpositum.
363 2392 388 2424 Cf.
403 2391 452 2424 irath.
465 2391 517 2425 XIX.
530 2395 558 2424 28.
582 2391 632 2431 Quod
646 2401 685 2423 vero
697 2394 783 2425 contendit

101 2462 117 2486 v.
125 2463 224 2487 oosrruzru
232 2451 290 2497 [aaa
295 2464 326 2485 van
332 2452 416 2486 JesesH.
423 2452 472 2498 246),
478 2462 532 2486 rusum
539 2463 577 2486 eum
582 2452 628 2485 haud
633 2463 679 2486 secus
685 2464 736 2497 quam
742 2458 783 2486 cete-

100 2524 127 2547 ros
133 2516 155 2548 ad
161 2516 202 2553 τοὺς
210 2516 320 2556 &adoraruros
329 2517 379 2561 παρὰ
387 2517 420 2548 τοῦ
431 2515 671 2559 Πατρόςτε11111110,11111111110
678 2520 733 2558 potest
742 2514 785 2547 effici

100 2588 121 2610 ex
134 2578 174 2621 Cap.
187 2576 247 2612 XVII.
262 2582 282 2611 12
297 2576 323 2621 (cf.
336 2579 357 2611 de
368 2578 430 2611 laxiori
443 2588 475 2610 usu
484 2578 566 2611 formulae
578 2579 596 2610 εἰ
603 2579 637 2621 μή,
649 2576 698 2610 Mira.
711 2577 754 2609 XII.
767 2579 783 2608 4.

99 2637 152 2683 Aper.
163 2639 215 2672 XXI.
227 2641 254 2672 27.
264 2650 304 2673 nur.
318 2637 347 2673 Gr.
360 2641 425 2682 §Gap
433 2640 496 2685 147101
508 2645 579 2684 negatur
588 2650 618 2682 per
628 2640 685 2672 omnia
693 2639 732 2678 illa,
740 2647 784 2681 quae

99 2702 119 2734 de
130 2708 169 2739 τοῖς
180 2702 286 2744 δεδομένοις
296 2702 417 2744 praedicantur.
431 2700 456 2734 cf.
469 2701 529 2735 XVII.
542 2704 561 2740 6,
573 2704 592 2740 8,
601 2704 630 2740 11,
644 2704 672 2732 14.
681 2703 783 2739 15,13,14.
