1818 3289
437 234 465 274 23

107 397 169 438 illam
191 395 333 439 Gileaditidos
355 400 377 439 et
402 395 512 438 Galilaeae
532 395 609 438 incolis
631 393 788 451 Hierosolymis

108 497 197 540 domum
208 497 348 542 redeuntibus
362 497 484 541 constitisse
497 497 630 540 statuamus?
651 497 701 539 Hoc
715 500 789 539 autem

108 599 127 642 si
148 599 219 643 minus
238 600 320 657 placet,
343 599 404 643 aliud
422 603 456 642 est
472 599 531 655 quod
545 599 692 656 respondeam.
722 600 787 642 lasum

108 702 207 758 equidem
226 701 383 757 Hierosolymis
404 702 520 745 abeuntem
538 716 584 744 nou
605 701 709 744 continuo
728 715 787 743 mare

108 802 218 845 Galilaeae
242 803 351 846 traiecisse
379 807 439 859 puto.
470 803 579 846 Orationis
604 817 677 845 cursus
703 817 788 845 sumere

107 902 170 953 sinit,
192 902 250 945 inter
269 917 305 954 ea,
325 918 380 958 quae
399 908 514 946 narrantur
534 903 585 959 Cap,
604 904 626 945 V
645 906 666 946 et
684 904 730 954 VI,
746 903 789 945 alia

106 1003 247 1047 intervenisse
270 1003 356 1047 silentio
383 1005 542 1061 praetermissas
570 1003 636 1046 Quod
658 1003 700 1045 fert
722 1003 788 1045 etiam

106 1091 210 1147 formula
217 1104 275 1157 perd
295 1107 378 1154 sadra,
405 1120 460 1161 quae
479 1105 537 1162 apud
552 1119 675 1156 rossanam,
696 1120 742 1148 non
763 1109 789 1148 ut

106 1207 182 1249 similis
191 1207 249 1260 μετὰ
258 1204 330 1257 τοῦτὸ,
342 1207 461 1263 significat,
470 1207 630 1265 praecedentia,
640 1208 687 1250 sine
697 1208 788 1250 aliarum

105 1324 178 1352 rerum
192 1310 327 1361 interventu,
343 1310 481 1365 sequentibus
497 1314 584 1365 excepta
601 1324 647 1352 esse
664 1311 691 1365 ¹).

134 1410 248 1453 Praeterea
270 1411 445 1453 commemoratio
467 1410 605 1461 Tiberiados,
626 1425 646 1451 v.
671 1411 683 1450 l
702 1415 724 1451 et
745 1411 787 1458 23,

104 1510 193 1561 suadet,
215 1516 241 1553 nt
256 1527 318 1554 iusum
333 1512 380 1553 lade
393 1512 514 1568 profectum
532 1525 591 1553 mare
608 1510 718 1553 traiecisse
736 1524 786 1552 cen*
821 1510 823 1512 ’

103 1624 194 1672 seamus.
226 1611 291 1653 Quod
304 1626 324 1653 r.
339 1613 354 1653 2
369 1611 462 1654 traditur
480 1626 551 1667 neque
570 1610 598 1653 ad
613 1610 717 1653 miracula
731 1610 786 1652 Hie·

101 1712 215 1769 rosolymis
233 1716 318 1769 patrata
335 1686 410 1756 referri
428 1727 515 1756 necesse
532 1717 573 1764 est,
588 1727 629 1756 nec
643 1727 693 1755 vero
707 1710 785 1767 proba-

102 1813 164 1865 hile‚'
177 1814 196 1856 si
214 1814 242 1857 ad
258 1814 412 1871 imperfectum
432 1814 494 1868 ἑώρων
515 1813 647 1856 attendimus
663 1815 690 1869 2).
723 1813 785 1855 Quae

103 1930 169 1970 quum
191 1915 223 1958 ita
241 1915 296 1966 sint,
312 1919 406 1958 statuere
420 1916 501 1967 ausim,
517 1919 628 1959 auctorem
645 1915 688 1957 iter
706 1929 718 1956 a
738 1929 783 1956 nisu

102 2015 259 2072 Hierosolymis
281 2016 305 2057 in
329 2016 449 2059 Galilaeam
473 2020 585 2072 peractum
613 2014 700 2057 silentio
724 2029 785 2070 prae-

100 2115 198 2167 teriisse,
210 2116 242 2159 ita
253 2121 279 2158 ut
290 2116 318 2158 ad
329 2117 419 2159 verbum
431 2118 524 2166 ἀπῆλθεν
539 2115 670 2172 cogitatione
680 2114 783 2158 adiicien-

124 2294 138 2339 1)
150 2295 215 2329 cam.
223 2298 279 2330 ΞΠ.
289 2300 307 2337 l,
320 2300 346 2329 14.
359 2296 639 2331 vn.i.XH1.r.X1X.asoum
647 2296 671 2329 Π.
680 2299 706 2328 12.
716 2294 750 2327 XI.
762 2296 781 2334 7,

104 2356 222 2391 11.XIX.28.
239 2360 259 2393 Si
270 2360 292 2391 ad
302 2360 334 2392 hoc
344 2359 431 2392 discrimen
445 2360 542 2392 attendisset
553 2367 685 2398 somvnrznaus,
692 2362 735 2390 certe
747 2368 782 2389 non

102 2418 192 2460 scripsisset
204 2420 221 2463 [1.
233 2431 247 2453 c.
259 2432 275 2463 p.
290 2422 338 2464 115),
350 2430 413 2461 msam,
429 2421 533 2454 orationem
545 2420 616 2462 Templo
628 2418 781 2461 Hierosolymitano

100 2479 132 2512 vix
147 2480 168 2511 ed
182 2481 236 2513 finem
249 2483 338 2523 perducta,
354 2481 404 2514 subito
417 2492 464 2515 mare
475 2481 570 2516 Galilaenm
581 2482 692 2514 traiicientcm
704 2481 740 2514 dici.

124 2538 138 2584 ²}
150 2540 175 2574 cf.
191 2551 231 2574 wm.
250 2540 279 2575 Gr.
293 2545 302 2585 ξ
315 2547 342 2577 41,
354 2554 371 2587 p.
383 2530 416 2576 all
429 2553 453 2585 sq.
476 2544 534 2576 timus
549 2548 594 2576 recte
609 2551 732 2575 scnwmznuus
747 2552 785 2584 pro-

101 2607 149 2636 vocat
158 2603 179 2636 ad
191 2602 231 2645 Cap.
243 2605 276 2637 IV.
289 2607 320 2645 45,
332 2607 362 2638 ubi
372 2605 557 2647 Plusquamperfectum
567 2603 666 2648 ἑωρακότες
678 2608 694 2636 et
705 2604 783 2636 Aoristus

101 2653 184 2709 {aotam
199 2666 291 2699 sentcntiae
306 2667 364 2699 favent
379 2677 390 2698 a
404 2677 433 2699 me
449 2667 547 2709 propositae.
571 2667 615 2701 Cum
630 2666 668 2700 loco
678 2667 699 2700 de
710 2666 783 2709 quo·hic

102 2727 166 2767 agimus
178 2727 271 2761 conferatur
283 2728 337 2770 potius
348 2727 389 2770 Cap.
402 2728 422 2761 ΙΙ.
436 2731 462 2761 23.
